<?xml version="1.0" encoding="UTF-8"?>
<!DOCTYPE html PUBLIC "-//W3C//DTD XHTML 1.0 Transitional//EN"
    "http://www.w3.org/TR/xhtml1/DTD/xhtml1-transitional.dtd">
<html xmlns="http://www.w3.org/1999/xhtml" xml:lang="en" lang="en">
 <head>
  <title>
</title>
<meta http-equiv="Content-Type" content="text/html;charset=utf-8" />
  <meta name='ocr-system' content='tesseract 3.04.00' />
  <meta name='ocr-capabilities' content='ocr_page ocr_carea ocr_par ocr_line ocrx_word'/>
</head>
<body>
  <div class='ocr_page' id='page_1' title='image "./4768910_0016.png"; bbox 0 0 2745 3262; ppageno 0'>
   <div class='ocr_carea' id='block_1_1' title="bbox 1150 128 1589 206">
    <p class='ocr_par' dir='ltr' id='par_1_1' title="bbox 1150 128 1589 206">
     <span class='ocr_line' id='line_1_1' title="bbox 1150 128 1589 206; baseline -0.002 0"><span class='ocrx_word' id='word_1_1' title='bbox 1150 155 1233 206; x_wconf 75' lang='grc'><strong>,“’</strong></span> <span class='ocrx_word' id='word_1_2' title='bbox 1360 128 1398 186; x_wconf 79' lang='lat'><em>5</em></span> <span class='ocrx_word' id='word_1_3' title='bbox 1517 157 1589 167; x_wconf 87' lang='grc'><em>““““</em></span> 
     </span>
    </p>
   </div>
   <div class='ocr_carea' id='block_1_2' title="bbox 328 253 2440 1861">
    <p class='ocr_par' dir='ltr' id='par_1_2' title="bbox 328 253 2440 1861">
     <span class='ocr_line' id='line_1_2' title="bbox 388 253 2412 317; baseline 0.001 -17"><span class='ocrx_word' id='word_1_4' title='bbox 388 277 393 282; x_wconf 91' lang='grc'>·</span> <span class='ocrx_word' id='word_1_5' title='bbox 465 257 569 300; x_wconf 75' lang='lat' dir='ltr'><strong>Plus</strong></span> <span class='ocrx_word' id='word_1_6' title='bbox 600 254 725 300; x_wconf 86' lang='lat' dir='ltr'><strong>dubii</strong></span> <span class='ocrx_word' id='word_1_7' title='bbox 756 255 899 300; x_wconf 83' lang='lat' dir='ltr'><strong>etiam</strong></span> <span class='ocrx_word' id='word_1_8' title='bbox 928 254 982 298; x_wconf 91' lang='lat' dir='ltr'><strong>de</strong></span> <span class='ocrx_word' id='word_1_9' title='bbox 1014 253 1150 299; x_wconf 82' lang='lat' dir='ltr'><strong>rebus</strong></span> <span class='ocrx_word' id='word_1_10' title='bbox 1180 255 1443 300; x_wconf 77' lang='lat' dir='ltr'>accuratius</span> <span class='ocrx_word' id='word_1_11' title='bbox 1469 256 1641 301; x_wconf 82' lang='lat' dir='ltr'><strong>videnti</strong></span> <span class='ocrx_word' id='word_1_12' title='bbox 1673 259 1806 303; x_wconf 83' lang='lat' dir='ltr'><strong>subit.</strong></span> <span class='ocrx_word' id='word_1_13' title='bbox 1871 259 1924 303; x_wconf 92' lang='lat' dir='ltr'><strong>In</strong></span> <span class='ocrx_word' id='word_1_14' title='bbox 1953 256 2115 317; x_wconf 84' lang='lat' dir='ltr'><strong>quibus</strong></span> <span class='ocrx_word' id='word_1_15' title='bbox 2145 265 2194 300; x_wconf 89' lang='lat' dir='ltr'><strong>ut</strong></span> <span class='ocrx_word' id='word_1_16' title='bbox 2226 255 2281 301; x_wconf 90' lang='lat' dir='ltr'><strong>ab</strong></span> <span class='ocrx_word' id='word_1_17' title='bbox 2313 258 2412 302; x_wconf 85' lang='lat' dir='ltr'><strong>uni-</strong></span> 
     </span>
     <span class='ocr_line' id='line_1_3' title="bbox 340 330 2411 395; baseline 0 -16"><span class='ocrx_word' id='word_1_18' title='bbox 340 334 486 379; x_wconf 71' lang='lat' dir='ltr'><strong>versis</strong></span> <span class='ocrx_word' id='word_1_19' title='bbox 520 330 783 390; x_wconf 87' lang='lat' dir='ltr'><strong>ordiamur,</strong></span> <span class='ocrx_word' id='word_1_20' title='bbox 815 339 1030 390; x_wconf 81' lang='lat' dir='ltr'><strong>quantam</strong></span> <span class='ocrx_word' id='word_1_21' title='bbox 1060 331 1257 376; x_wconf 77' lang='lat' dir='ltr'>Homeri</span> <span class='ocrx_word' id='word_1_22' title='bbox 1286 330 1448 390; x_wconf 88' lang='lat' dir='ltr'><strong>inferi,</strong></span> <span class='ocrx_word' id='word_1_23' title='bbox 1481 336 1633 392; x_wconf 82' lang='lat' dir='ltr'><strong>quales</strong></span> <span class='ocrx_word' id='word_1_24' title='bbox 1664 335 1712 380; x_wconf 89' lang='lat' dir='ltr'><strong>in</strong></span> <span class='ocrx_word' id='word_1_25' title='bbox 1744 336 1942 395; x_wconf 85' lang='lat' dir='ltr'><strong>Odyssea</strong></span> <span class='ocrx_word' id='word_1_26' title='bbox 1968 343 2168 390; x_wconf 85' lang='lat' dir='ltr'><strong>exstant,</strong></span> <span class='ocrx_word' id='word_1_27' title='bbox 2202 343 2247 379; x_wconf 90' lang='lat' dir='ltr'><strong>et</strong></span> <span class='ocrx_word' id='word_1_28' title='bbox 2281 350 2411 393; x_wconf 88' lang='lat' dir='ltr'><strong>repu-</strong></span> 
     </span>
     <span class='ocr_line' id='line_1_4' title="bbox 339 407 2410 471; baseline 0 -13"><span class='ocrx_word' id='word_1_29' title='bbox 339 410 462 458; x_wconf 84' lang='lat' dir='ltr'><strong>tandi</strong></span> <span class='ocrx_word' id='word_1_30' title='bbox 493 421 538 458; x_wconf 84' lang='lat' dir='ltr'><strong>et</strong></span> <span class='ocrx_word' id='word_1_31' title='bbox 575 408 848 470; x_wconf 81' lang='lat' dir='ltr'><strong>conjiciendi</strong></span> <span class='ocrx_word' id='word_1_32' title='bbox 880 426 1039 457; x_wconf 81' lang='lat' dir='ltr'><strong>ansam</strong></span> <span class='ocrx_word' id='word_1_33' title='bbox 1079 407 1395 468; x_wconf 84' lang='lat' dir='ltr'><strong>praehuerint,</strong></span> <span class='ocrx_word' id='word_1_34' title='bbox 1450 409 1551 470; x_wconf 80' lang='lat' dir='ltr'><strong>quis</strong></span> <span class='ocrx_word' id='word_1_35' title='bbox 1581 420 1650 457; x_wconf 85' lang='lat' dir='ltr'><strong>est</strong></span> <span class='ocrx_word' id='word_1_36' title='bbox 1687 412 1765 471; x_wconf 90' lang='lat' dir='ltr'><strong>qui</strong></span> <span class='ocrx_word' id='word_1_37' title='bbox 1783 421 1788 426; x_wconf 82' lang='lat'><strong><em>‘</em></strong></span> <span class='ocrx_word' id='word_1_38' title='bbox 1803 412 2017 460; x_wconf 80' lang='lat' dir='ltr'><strong>nesciat?</strong></span> <span class='ocrx_word' id='word_1_39' title='bbox 2083 414 2181 458; x_wconf 90' lang='lat' dir='ltr'><strong>Non</strong></span> <span class='ocrx_word' id='word_1_40' title='bbox 2221 410 2323 459; x_wconf 90' lang='lat' dir='ltr'><strong>dico</strong></span> <span class='ocrx_word' id='word_1_41' title='bbox 2355 410 2410 458; x_wconf 84' lang='lat' dir='ltr'><strong>de</strong></span> 
     </span>
     <span class='ocr_line' id='line_1_5' title="bbox 338 485 2409 549; baseline -0.001 -12"><span class='ocrx_word' id='word_1_42' title='bbox 338 487 527 549; x_wconf 84' lang='lat' dir='ltr'><strong>Spohnii</strong></span> <span class='ocrx_word' id='word_1_43' title='bbox 557 485 849 537; x_wconf 73' lang='lat' dir='ltr'><strong>haesitatione</strong></span> <span class='ocrx_word' id='word_1_44' title='bbox 867 485 928 544; x_wconf 81' lang='lat'><strong>¹⁰)</strong></span> <span class='ocrx_word' id='word_1_45' title='bbox 938 522 954 545; x_wconf 90' lang='lat'>‚</span> <span class='ocrx_word' id='word_1_46' title='bbox 1002 485 1051 534; x_wconf 86' lang='lat' dir='ltr'><strong>in</strong></span> <span class='ocrx_word' id='word_1_47' title='bbox 1080 486 1274 533; x_wconf 87' lang='lat' dir='ltr'><strong>alteram</strong></span> <span class='ocrx_word' id='word_1_48' title='bbox 1304 492 1466 534; x_wconf 75' lang='grc' dir='ltr'><strong>νεκυίαν</strong></span> <span class='ocrx_word' id='word_1_49' title='bbox 1498 485 1811 537; x_wconf 77' lang='lat' dir='ltr'><strong>vehementius</strong></span> <span class='ocrx_word' id='word_1_50' title='bbox 1841 487 2035 545; x_wconf 83' lang='lat' dir='ltr'><strong>invecti,</strong></span> <span class='ocrx_word' id='word_1_51' title='bbox 2079 488 2156 549; x_wconf 86' lang='lat' dir='ltr'><strong>qui</strong></span> <span class='ocrx_word' id='word_1_52' title='bbox 2188 487 2230 535; x_wconf 85' lang='lat' dir='ltr'><strong>si</strong></span> <span class='ocrx_word' id='word_1_53' title='bbox 2257 486 2409 536; x_wconf 80' lang='lat' dir='ltr'><strong>novis-</strong></span> 
     </span>
     <span class='ocr_line' id='line_1_6' title="bbox 337 562 2406 628; baseline -0.001 -14"><span class='ocrx_word' id='word_1_54' title='bbox 337 567 481 614; x_wconf 84' lang='lat' dir='ltr'><strong>simae</strong></span> <span class='ocrx_word' id='word_1_55' title='bbox 510 566 627 614; x_wconf 84' lang='lat' dir='ltr'><strong>lucis</strong></span> <span class='ocrx_word' id='word_1_56' title='bbox 649 565 932 612; x_wconf 57' lang='lat' dir='ltr'><strong>&lt;inferorum</strong></span> <span class='ocrx_word' id='word_1_57' title='bbox 960 572 1007 610; x_wconf 87' lang='lat' dir='ltr'><strong>et</strong></span> <span class='ocrx_word' id='word_1_58' title='bbox 1036 562 1359 627; x_wconf 76' lang='lat' dir='ltr'><strong>mytholog-icis</strong></span> <span class='ocrx_word' id='word_1_59' title='bbox 1385 573 1440 610; x_wconf 90' lang='lat' dir='ltr'><strong>·-et</strong></span> <span class='ocrx_word' id='word_1_60' title='bbox 1481 565 1815 628; x_wconf 84' lang='lat' dir='ltr'><strong>topographicis</strong></span> <span class='ocrx_word' id='word_1_61' title='bbox 1859 565 2110 614; x_wconf 86' lang='lat' dir='ltr'><strong>rationibus</strong></span> <span class='ocrx_word' id='word_1_62' title='bbox 2142 567 2302 613; x_wconf 85' lang='lat' dir='ltr'><strong>allatae</strong></span> <span class='ocrx_word' id='word_1_63' title='bbox 2333 581 2406 613; x_wconf 87' lang='lat' dir='ltr'><strong>su·</strong></span> 
     </span>
     <span class='ocr_line' id='line_1_7' title="bbox 336 640 2405 705; baseline -0.002 -13"><span class='ocrx_word' id='word_1_64' title='bbox 336 654 507 705; x_wconf 69' lang='lat' dir='ltr'><strong>pentes</strong></span> <span class='ocrx_word' id='word_1_65' title='bbox 541 645 690 692; x_wconf 79' lang='lat' dir='ltr'><strong>factus</strong></span> <span class='ocrx_word' id='word_1_66' title='bbox 721 647 860 702; x_wconf 75' lang='lat' dir='ltr'><strong>esset,</strong></span> <span class='ocrx_word' id='word_1_67' title='bbox 904 641 1128 689; x_wconf 82' lang='lat' dir='ltr'><strong>vicesimo</strong></span> <span class='ocrx_word' id='word_1_68' title='bbox 1153 651 1315 702; x_wconf 87' lang='lat' dir='ltr'><strong>quarto</strong></span> <span class='ocrx_word' id='word_1_69' title='bbox 1342 641 1411 688; x_wconf 88' lang='lat' dir='ltr'><strong>illi</strong></span> <span class='ocrx_word' id='word_1_70' title='bbox 1437 640 1661 703; x_wconf 78' lang='lat' dir='ltr'><strong>Odysseae</strong></span> <span class='ocrx_word' id='word_1_71' title='bbox 1688 642 1807 689; x_wconf 88' lang='lat' dir='ltr'><strong>libro</strong></span> <span class='ocrx_word' id='word_1_72' title='bbox 1823 676 1839 701; x_wconf 88' lang='lat'>‚</span> <span class='ocrx_word' id='word_1_73' title='bbox 1878 644 1957 703; x_wconf 78' lang='lat' dir='ltr'><strong>qui</strong></span> <span class='ocrx_word' id='word_1_74' title='bbox 1990 644 2046 690; x_wconf 87' lang='lat' dir='ltr'><strong>ad</strong></span> <span class='ocrx_word' id='word_1_75' title='bbox 2076 644 2308 690; x_wconf 75' lang='lat' dir='ltr'><strong>undecimi</strong></span> <span class='ocrx_word' id='word_1_76' title='bbox 2339 644 2405 688; x_wconf 83' lang='lat' dir='ltr'><strong>in·</strong></span> 
     </span>
     <span class='ocr_line' id='line_1_8' title="bbox 334 718 2405 783; baseline -0.002 -14"><span class='ocrx_word' id='word_1_77' title='bbox 334 731 434 769; x_wconf 82' lang='lat' dir='ltr'><strong>star</strong></span> <span class='ocrx_word' id='word_1_78' title='bbox 462 722 776 769; x_wconf 85' lang='lat' dir='ltr'><strong>conformatus</strong></span> <span class='ocrx_word' id='word_1_79' title='bbox 795 735 905 783; x_wconf 66' lang='lat' dir='ltr'><strong>esse</strong></span> <span class='ocrx_word' id='word_1_80' title='bbox 941 720 1149 778; x_wconf 83' lang='lat' dir='ltr'><strong>videtur,</strong></span> <span class='ocrx_word' id='word_1_81' title='bbox 1204 720 1398 767; x_wconf 87' lang='lat' dir='ltr'><strong>fortasse</strong></span> <span class='ocrx_word' id='word_1_82' title='bbox 1432 718 1600 778; x_wconf 87' lang='lat' dir='ltr'><strong>aliquid</strong></span> <span class='ocrx_word' id='word_1_83' title='bbox 1631 719 1806 765; x_wconf 85' lang='lat' dir='ltr'><strong>favoris</strong></span> <span class='ocrx_word' id='word_1_84' title='bbox 1839 721 2123 767; x_wconf 87' lang='lat' dir='ltr'><strong>restituisset.</strong></span> <span class='ocrx_word' id='word_1_85' title='bbox 2213 722 2405 767; x_wconf 86' lang='lat' dir='ltr'>Missam</span> 
     </span>
     <span class='ocr_line' id='line_1_9' title="bbox 334 796 2405 859; baseline -0.001 -15"><span class='ocrx_word' id='word_1_86' title='bbox 334 813 455 844; x_wconf 87' lang='lat' dir='ltr'><strong>nunc</strong></span> <span class='ocrx_word' id='word_1_87' title='bbox 486 799 628 844; x_wconf 90' lang='lat' dir='ltr'><strong>etiam</strong></span> <span class='ocrx_word' id='word_1_88' title='bbox 658 796 779 844; x_wconf 89' lang='lat' dir='ltr'><strong>facio</strong></span> <span class='ocrx_word' id='word_1_89' title='bbox 810 796 1053 844; x_wconf 86' lang='lat' dir='ltr'><strong>Welckeri</strong></span> <span class='ocrx_word' id='word_1_90' title='bbox 1093 797 1376 856; x_wconf 86' lang='lat' dir='ltr'><strong>opinionem,</strong></span> <span class='ocrx_word' id='word_1_91' title='bbox 1429 796 1507 856; x_wconf 83' lang='lat' dir='ltr'><strong>qui</strong></span> <span class='ocrx_word' id='word_1_92' title='bbox 1548 812 1688 855; x_wconf 87' lang='lat' dir='ltr'><strong>quum</strong></span> <span class='ocrx_word' id='word_1_93' title='bbox 1720 806 1865 842; x_wconf 86' lang='lat' dir='ltr'><strong>totam</strong></span> <span class='ocrx_word' id='word_1_94' title='bbox 1898 798 2147 859; x_wconf 87' lang='lat' dir='ltr'><strong>Odysseam</strong></span> <span class='ocrx_word' id='word_1_95' title='bbox 2179 798 2405 843; x_wconf 78' lang='lat' dir='ltr'><strong>humanae</strong></span> 
     </span>
     <span class='ocr_line' id='line_1_10' title="bbox 334 874 2402 935; baseline -0.001 -15"><span class='ocrx_word' id='word_1_96' title='bbox 334 875 454 921; x_wconf 81' lang='lat' dir='ltr'><strong>vitae</strong></span> <span class='ocrx_word' id='word_1_97' title='bbox 470 878 616 934; x_wconf 21' lang='lat' dir='ltr'><strong>*atque</strong></span> <span class='ocrx_word' id='word_1_98' title='bbox 639 875 806 920; x_wconf 82' lang='lat' dir='ltr'><strong>mortis</strong></span> <span class='ocrx_word' id='word_1_99' title='bbox 835 874 1206 931; x_wconf 85' lang='lat' dir='ltr'><strong>similitudinem,</strong></span> <span class='ocrx_word' id='word_1_100' title='bbox 1240 875 1461 921; x_wconf 81' lang='lat' dir='ltr'><strong>Phaeaces</strong></span> <span class='ocrx_word' id='word_1_101' title='bbox 1492 889 1630 929; x_wconf 80' lang='lat' dir='ltr'><strong>vero,</strong></span> <span class='ocrx_word' id='word_1_102' title='bbox 1668 874 1830 933; x_wconf 87' lang='lat' dir='ltr'><strong>quibus</strong></span> <span class='ocrx_word' id='word_1_103' title='bbox 1862 884 2055 934; x_wconf 86' lang='lat' dir='ltr'><strong>utraque</strong></span> <span class='ocrx_word' id='word_1_104' title='bbox 2086 877 2402 935; x_wconf 82' lang='lat' dir='ltr'><strong>conjungatur,</strong></span> 
     </span>
     <span class='ocr_line' id='line_1_11' title="bbox 332 949 2403 1011; baseline -0.001 -15"><span class='ocrx_word' id='word_1_105' title='bbox 332 951 604 997; x_wconf 82' lang='lat' dir='ltr'><strong>ultimarum</strong></span> <span class='ocrx_word' id='word_1_106' title='bbox 620 966 799 996; x_wconf 72' lang='lat' dir='ltr'><strong>rerum</strong></span> <span class='ocrx_word' id='word_1_107' title='bbox 821 965 1032 1009; x_wconf 74' lang='lat' dir='ltr'><strong>personas</strong></span> <span class='ocrx_word' id='word_1_108' title='bbox 1065 951 1281 1010; x_wconf 82' lang='lat' dir='ltr'><strong>quasdam</strong></span> <span class='ocrx_word' id='word_1_109' title='bbox 1309 952 1503 1006; x_wconf 86' lang='lat' dir='ltr'><strong>faceret,</strong></span> <span class='ocrx_word' id='word_1_110' title='bbox 1537 950 1794 996; x_wconf 86' lang='lat' dir='ltr'><strong>inferorum</strong></span> <span class='ocrx_word' id='word_1_111' title='bbox 1828 954 2045 998; x_wconf 84' lang='lat' dir='ltr'><strong>relatione</strong></span> <span class='ocrx_word' id='word_1_112' title='bbox 2077 952 2191 1011; x_wconf 88' lang='lat' dir='ltr'><strong>apud</strong></span> <span class='ocrx_word' id='word_1_113' title='bbox 2218 966 2295 996; x_wconf 89' lang='lat' dir='ltr'><strong>eos</strong></span> <span class='ocrx_word' id='word_1_114' title='bbox 2326 949 2403 994; x_wconf 87' lang='lat' dir='ltr'><strong>ha·</strong></span> 
     </span>
     <span class='ocr_line' id='line_1_12' title="bbox 332 1026 2401 1089; baseline -0.001 -16"><span class='ocrx_word' id='word_1_115' title='bbox 332 1027 427 1073; x_wconf 89' lang='lat' dir='ltr'><strong>bita</strong></span> <span class='ocrx_word' id='word_1_116' title='bbox 474 1027 675 1072; x_wconf 85' lang='lat' dir='ltr'><strong>rudioris</strong></span> <span class='ocrx_word' id='word_1_117' title='bbox 717 1026 844 1086; x_wconf 86' lang='lat' dir='ltr'><strong>quasi</strong></span> <span class='ocrx_word' id='word_1_118' title='bbox 881 1041 991 1072; x_wconf 88' lang='lat' dir='ltr'><strong>cum</strong></span> <span class='ocrx_word' id='word_1_119' title='bbox 1024 1026 1250 1072; x_wconf 81' lang='lat' dir='ltr'><strong>nobiliore</strong></span> <span class='ocrx_word' id='word_1_120' title='bbox 1288 1028 1507 1089; x_wconf 84' lang='lat' dir='ltr'><strong>religione</strong></span> <span class='ocrx_word' id='word_1_121' title='bbox 1554 1029 1946 1086; x_wconf 84' lang='lat' dir='ltr'><strong>comparationem</strong></span> <span class='ocrx_word' id='word_1_122' title='bbox 1991 1028 2213 1074; x_wconf 87' lang='lat' dir='ltr'><strong>indicasse</strong></span> <span class='ocrx_word' id='word_1_123' title='bbox 2252 1026 2401 1071; x_wconf 85' lang='lat' dir='ltr'><strong>videa·</strong></span> 
     </span>
     <span class='ocr_line' id='line_1_13' title="bbox 331 1101 2404 1164; baseline -0.002 -14"><span class='ocrx_word' id='word_1_124' title='bbox 331 1115 409 1150; x_wconf 88' lang='lat' dir='ltr'><strong>tur</strong></span> <span class='ocrx_word' id='word_1_125' title='bbox 436 1103 513 1160; x_wconf 81' lang='lat' dir='ltr'><strong>l¹).</strong></span> <span class='ocrx_word' id='word_1_126' title='bbox 589 1102 679 1149; x_wconf 88' lang='lat' dir='ltr'><strong>Sed</strong></span> <span class='ocrx_word' id='word_1_127' title='bbox 720 1102 878 1147; x_wconf 83' lang='lat' dir='ltr'><strong>attinet</strong></span> <span class='ocrx_word' id='word_1_128' title='bbox 914 1101 1031 1161; x_wconf 88' lang='lat' dir='ltr'><strong>quod</strong></span> <span class='ocrx_word' id='word_1_129' title='bbox 1074 1102 1436 1164; x_wconf 80' lang='lat' dir='ltr'><strong>ingeniosissime</strong></span> <span class='ocrx_word' id='word_1_130' title='bbox 1469 1105 1519 1150; x_wconf 93' lang='grc' dir='ltr'><strong>Ο.</strong></span> <span class='ocrx_word' id='word_1_131' title='bbox 1557 1105 1804 1149; x_wconf 84' lang='lat' dir='ltr'><strong>Muellerus</strong></span> <span class='ocrx_word' id='word_1_132' title='bbox 1846 1105 1900 1151; x_wconf 88' lang='lat' dir='ltr'><strong>de</strong></span> <span class='ocrx_word' id='word_1_133' title='bbox 1937 1106 2198 1152; x_wconf 87' lang='lat' dir='ltr'><strong>divinarum</strong></span> <span class='ocrx_word' id='word_1_134' title='bbox 2242 1117 2404 1148; x_wconf 85' lang='lat' dir='ltr'><strong>rerum</strong></span> 
     </span>
     <span class='ocr_line' id='line_1_14' title="bbox 332 1177 2402 1245; baseline -0.002 -17"><span class='ocrx_word' id='word_1_135' title='bbox 332 1197 441 1228; x_wconf 88' lang='lat' dir='ltr'><strong>cum</strong></span> <span class='ocrx_word' id='word_1_136' title='bbox 468 1179 611 1229; x_wconf 84' lang='lat' dir='ltr'><strong>Ulixis</strong></span> <span class='ocrx_word' id='word_1_137' title='bbox 645 1177 961 1234; x_wconf 81' lang='lat' dir='ltr'><strong>concretione,</strong></span> <span class='ocrx_word' id='word_1_138' title='bbox 1009 1180 1189 1237; x_wconf 88' lang='lat' dir='ltr'><strong>qualem</strong></span> <span class='ocrx_word' id='word_1_139' title='bbox 1220 1180 1398 1228; x_wconf 88' lang='lat' dir='ltr'><strong>fabulae</strong></span> <span class='ocrx_word' id='word_1_140' title='bbox 1427 1197 1510 1241; x_wconf 90' lang='lat' dir='ltr'><strong>pro</strong></span> <span class='ocrx_word' id='word_1_141' title='bbox 1541 1181 1732 1228; x_wconf 86' lang='lat' dir='ltr'><strong>diversis</strong></span> <span class='ocrx_word' id='word_1_142' title='bbox 1766 1182 2026 1245; x_wconf 84' lang='lat' dir='ltr'><strong>regionibus</strong></span> <span class='ocrx_word' id='word_1_143' title='bbox 2061 1180 2260 1241; x_wconf 82' lang='lat' dir='ltr'><strong>experiri</strong></span> <span class='ocrx_word' id='word_1_144' title='bbox 2291 1179 2402 1225; x_wconf 88' lang='lat' dir='ltr'><strong>sole·</strong></span> 
     </span>
     <span class='ocr_line' id='line_1_15' title="bbox 330 1256 2402 1320; baseline -0.002 -16"><span class='ocrx_word' id='word_1_145' title='bbox 330 1259 465 1316; x_wconf 88' lang='lat' dir='ltr'><strong>bant,</strong></span> <span class='ocrx_word' id='word_1_146' title='bbox 517 1256 772 1317; x_wconf 86' lang='lat' dir='ltr'><strong>disputavit.</strong></span> <span class='ocrx_word' id='word_1_147' title='bbox 864 1256 952 1313; x_wconf 84' lang='lat' dir='ltr'><strong>Qui</strong></span> <span class='ocrx_word' id='word_1_148' title='bbox 995 1272 1136 1316; x_wconf 87' lang='lat' dir='ltr'><strong>quum</strong></span> <span class='ocrx_word' id='word_1_149' title='bbox 1168 1259 1403 1304; x_wconf 88' lang='lat' dir='ltr'><strong>Minervae</strong></span> <span class='ocrx_word' id='word_1_150' title='bbox 1442 1269 1573 1320; x_wconf 87' lang='lat' dir='ltr'><strong>atque</strong></span> <span class='ocrx_word' id='word_1_151' title='bbox 1610 1261 1833 1320; x_wconf 89' lang='lat' dir='ltr'><strong>Apollinis</strong></span> <span class='ocrx_word' id='word_1_152' title='bbox 1866 1262 2042 1306; x_wconf 84' lang='lat' dir='ltr'><strong>cultum</strong></span> <span class='ocrx_word' id='word_1_153' title='bbox 2085 1261 2136 1305; x_wconf 91' lang='lat' dir='ltr'><strong>in</strong></span> <span class='ocrx_word' id='word_1_154' title='bbox 2177 1257 2402 1303; x_wconf 87' lang='lat' dir='ltr'><strong>Ithacensi</strong></span> 
     </span>
     <span class='ocr_line' id='line_1_16' title="bbox 330 1333 2400 1399; baseline -0.002 -17"><span class='ocrx_word' id='word_1_155' title='bbox 330 1351 488 1393; x_wconf 83' lang='lat' dir='ltr'><strong>scena,</strong></span> <span class='ocrx_word' id='word_1_156' title='bbox 533 1336 792 1379; x_wconf 83' lang='lat' dir='ltr'><strong>inferorum</strong></span> <span class='ocrx_word' id='word_1_157' title='bbox 823 1333 1012 1377; x_wconf 87' lang='lat' dir='ltr'><strong>deorum</strong></span> <span class='ocrx_word' id='word_1_158' title='bbox 1040 1350 1149 1379; x_wconf 89' lang='lat' dir='ltr'><strong>cum</strong></span> <span class='ocrx_word' id='word_1_159' title='bbox 1179 1347 1490 1398; x_wconf 71' lang='grc' dir='ltr'><strong><em>νεκυομαντείᾳ,</em></strong></span> <span class='ocrx_word' id='word_1_160' title='bbox 1532 1340 1673 1399; x_wconf 86' lang='lat' dir='ltr'><strong>Epiro</strong></span> <span class='ocrx_word' id='word_1_161' title='bbox 1705 1339 2027 1394; x_wconf 85' lang='lat' dir='ltr'><strong>tribuendum,</strong></span> <span class='ocrx_word' id='word_1_162' title='bbox 2075 1339 2124 1382; x_wconf 91' lang='lat' dir='ltr'><strong>in</strong></span> <span class='ocrx_word' id='word_1_163' title='bbox 2152 1345 2308 1380; x_wconf 86' lang='lat' dir='ltr'><strong>nostro</strong></span> <span class='ocrx_word' id='word_1_164' title='bbox 2348 1334 2400 1378; x_wconf 90' lang='lat' dir='ltr'><strong>li-</strong></span> 
     </span>
     <span class='ocr_line' id='line_1_17' title="bbox 329 1410 2440 1478; baseline -0 -18"><span class='ocrx_word' id='word_1_165' title='bbox 329 1415 416 1461; x_wconf 86' lang='lat' dir='ltr'><strong>bro</strong></span> <span class='ocrx_word' id='word_1_166' title='bbox 447 1413 688 1460; x_wconf 83' lang='lat' dir='ltr'><strong>detexisset</strong></span> <span class='ocrx_word' id='word_1_167' title='bbox 716 1410 804 1468; x_wconf 75' lang='lat'>¹²),</span> <span class='ocrx_word' id='word_1_168' title='bbox 850 1412 1153 1469; x_wconf 82' lang='lat' dir='ltr'><strong>Voelckerus,</strong></span> <span class='ocrx_word' id='word_1_169' title='bbox 1196 1414 1386 1461; x_wconf 88' lang='lat' dir='ltr'><strong>ulterius</strong></span> <span class='ocrx_word' id='word_1_170' title='bbox 1417 1432 1707 1478; x_wconf 83' lang='lat' dir='ltr'><strong>progressus,</strong></span> <span class='ocrx_word' id='word_1_171' title='bbox 1758 1418 2071 1477; x_wconf 86' lang='lat' dir='ltr'><strong>Apollinarem</strong></span> <span class='ocrx_word' id='word_1_172' title='bbox 2101 1414 2310 1461; x_wconf 88' lang='lat' dir='ltr'><strong>habitum</strong></span> <span class='ocrx_word' id='word_1_173' title='bbox 2349 1411 2399 1457; x_wconf 83' lang='lat' dir='ltr'><strong>in</strong></span> <span class='ocrx_word' id='word_1_174' title='bbox 2438 1456 2440 1459; x_wconf 78' lang='grc'>,</span> 
     </span>
     <span class='ocr_line' id='line_1_18' title="bbox 329 1487 2397 1553; baseline -0.002 -14"><span class='ocrx_word' id='word_1_175' title='bbox 329 1501 423 1539; x_wconf 88' lang='lat' dir='ltr'><strong>tota</strong></span> <span class='ocrx_word' id='word_1_176' title='bbox 445 1491 669 1552; x_wconf 87' lang='lat' dir='ltr'><strong>Odysseae</strong></span> <span class='ocrx_word' id='word_1_177' title='bbox 695 1487 1040 1536; x_wconf 83' lang='lat' dir='ltr'><strong>adumbratione</strong></span> <span class='ocrx_word' id='word_1_178' title='bbox 1067 1491 1129 1538; x_wconf 90' lang='lat' dir='ltr'><strong>ita</strong></span> <span class='ocrx_word' id='word_1_179' title='bbox 1158 1492 1354 1553; x_wconf 84' lang='lat' dir='ltr'><strong>agnovit,</strong></span> <span class='ocrx_word' id='word_1_180' title='bbox 1386 1502 1438 1538; x_wconf 90' lang='lat' dir='ltr'><strong>ut</strong></span> <span class='ocrx_word' id='word_1_181' title='bbox 1469 1494 1608 1540; x_wconf 89' lang='lat' dir='ltr'><strong>etiam</strong></span> <span class='ocrx_word' id='word_1_182' title='bbox 1639 1495 1898 1541; x_wconf 85' lang='lat' dir='ltr'><strong>inferorum</strong></span> <span class='ocrx_word' id='word_1_183' title='bbox 1925 1494 2102 1541; x_wconf 87' lang='lat' dir='ltr'><strong>aditum</strong></span> <span class='ocrx_word' id='word_1_184' title='bbox 2128 1502 2173 1539; x_wconf 86' lang='lat' dir='ltr'><strong>et</strong></span> <span class='ocrx_word' id='word_1_185' title='bbox 2194 1489 2397 1538; x_wconf 86' lang='lat' dir='ltr'><strong>Tiresiae</strong></span> 
     </span>
     <span class='ocr_line' id='line_1_19' title="bbox 329 1566 2393 1628; baseline -0.002 -12"><span class='ocrx_word' id='word_1_186' title='bbox 329 1570 600 1616; x_wconf 87' lang='lat' dir='ltr'><strong>vaticinium</strong></span> <span class='ocrx_word' id='word_1_187' title='bbox 631 1566 898 1628; x_wconf 72' lang='lat' dir='ltr'><strong>expiationis</strong></span> <span class='ocrx_word' id='word_1_188' title='bbox 928 1566 1075 1613; x_wconf 87' lang='lat' dir='ltr'><strong>instar</strong></span> <span class='ocrx_word' id='word_1_189' title='bbox 1105 1569 1162 1614; x_wconf 89' lang='lat' dir='ltr'><strong>ad</strong></span> <span class='ocrx_word' id='word_1_190' title='bbox 1201 1569 1336 1615; x_wconf 89' lang='lat' dir='ltr'><strong>deum</strong></span> <span class='ocrx_word' id='word_1_191' title='bbox 1377 1570 1509 1615; x_wconf 87' lang='lat' dir='ltr'><strong>illum</strong></span> <span class='ocrx_word' id='word_1_192' title='bbox 1542 1572 1780 1618; x_wconf 78' lang='lat' dir='ltr'><strong>referenda</strong></span> <span class='ocrx_word' id='word_1_193' title='bbox 1818 1572 1991 1617; x_wconf 87' lang='lat' dir='ltr'><strong>diceret</strong></span> <span class='ocrx_word' id='word_1_194' title='bbox 2016 1570 2093 1627; x_wconf 74' lang='lat' dir='ltr'><strong>l3).</strong></span> <span class='ocrx_word' id='word_1_195' title='bbox 2173 1571 2278 1616; x_wconf 90' lang='lat' dir='ltr'><strong>Jam</strong></span> <span class='ocrx_word' id='word_1_196' title='bbox 2311 1567 2393 1613; x_wconf 87' lang='lat' dir='ltr'><strong>etsi</strong></span> 
     </span>
     <span class='ocr_line' id='line_1_20' title="bbox 329 1644 2396 1711; baseline -0.002 -18"><span class='ocrx_word' id='word_1_197' title='bbox 329 1647 497 1693; x_wconf 87' lang='lat' dir='ltr'><strong>horum</strong></span> <span class='ocrx_word' id='word_1_198' title='bbox 529 1645 806 1706; x_wconf 86' lang='lat' dir='ltr'><strong>judiciorum</strong></span> <span class='ocrx_word' id='word_1_199' title='bbox 836 1644 955 1690; x_wconf 86' lang='lat' dir='ltr'><strong>bona</strong></span> <span class='ocrx_word' id='word_1_200' title='bbox 996 1660 1101 1704; x_wconf 87' lang='lat' dir='ltr'><strong>pars</strong></span> <span class='ocrx_word' id='word_1_201' title='bbox 1131 1646 1502 1694; x_wconf 85' lang='lat' dir='ltr'><strong>luculentissimis</strong></span> <span class='ocrx_word' id='word_1_202' title='bbox 1535 1648 1739 1711; x_wconf 82' lang='lat' dir='ltr'><strong>vestigiis</strong></span> <span class='ocrx_word' id='word_1_203' title='bbox 1778 1647 2014 1704; x_wconf 88' lang='lat' dir='ltr'><strong>innititur,</strong></span> <span class='ocrx_word' id='word_1_204' title='bbox 2067 1656 2117 1693; x_wconf 90' lang='lat' dir='ltr'><strong>ut</strong></span> <span class='ocrx_word' id='word_1_205' title='bbox 2147 1644 2396 1692; x_wconf 86' lang='lat' dir='ltr'><strong>Ithacensis</strong></span> 
     </span>
     <span class='ocr_line' id='line_1_21' title="bbox 329 1722 2395 1786; baseline -0.001 -16"><span class='ocrx_word' id='word_1_206' title='bbox 329 1724 563 1770; x_wconf 84' lang='lat' dir='ltr'><strong>Minervae</strong></span> <span class='ocrx_word' id='word_1_207' title='bbox 594 1724 742 1769; x_wconf 89' lang='lat' dir='ltr'><strong>cultus</strong></span> <span class='ocrx_word' id='word_1_208' title='bbox 772 1722 860 1768; x_wconf 89' lang='lat' dir='ltr'><strong>hoc</strong></span> <span class='ocrx_word' id='word_1_209' title='bbox 891 1722 1051 1768; x_wconf 90' lang='lat' dir='ltr'><strong>eodem</strong></span> <span class='ocrx_word' id='word_1_210' title='bbox 1081 1724 1269 1769; x_wconf 90' lang='lat' dir='ltr'><strong>numine</strong></span> <span class='ocrx_word' id='word_1_211' title='bbox 1311 1739 1339 1770; x_wconf 93' lang='lat' dir='ltr'><strong>a</strong></span> <span class='ocrx_word' id='word_1_212' title='bbox 1368 1724 1618 1770; x_wconf 86' lang='lat' dir='ltr'><strong>maritimis</strong></span> <span class='ocrx_word' id='word_1_213' title='bbox 1652 1724 1887 1770; x_wconf 88' lang='lat' dir='ltr'><strong>erroribus</strong></span> <span class='ocrx_word' id='word_1_214' title='bbox 1926 1724 2025 1770; x_wconf 90' lang='lat' dir='ltr'><strong>fere</strong></span> <span class='ocrx_word' id='word_1_215' title='bbox 2054 1732 2288 1786; x_wconf 80' lang='lat' dir='ltr'><strong>segregato</strong></span> <span class='ocrx_word' id='word_1_216' title='bbox 2314 1722 2395 1778; x_wconf 77' lang='lat' dir='ltr'><strong>l⁴),</strong></span> 
     </span>
     <span class='ocr_line' id='line_1_22' title="bbox 328 1794 2396 1861; baseline -0.002 -14"><span class='ocrx_word' id='word_1_217' title='bbox 328 1801 550 1861; x_wconf 88' lang='lat' dir='ltr'><strong>Apollinis</strong></span> <span class='ocrx_word' id='word_1_218' title='bbox 581 1800 916 1860; x_wconf 84' lang='lat' dir='ltr'><strong>Theoclymeno</strong></span> <span class='ocrx_word' id='word_1_219' title='bbox 947 1809 1050 1845; x_wconf 82' lang='lat' dir='ltr'><strong>vate</strong></span> <span class='ocrx_word' id='word_1_220' title='bbox 1091 1810 1278 1861; x_wconf 87' lang='lat' dir='ltr'><strong>propter</strong></span> <span class='ocrx_word' id='word_1_221' title='bbox 1316 1802 1502 1847; x_wconf 88' lang='lat' dir='ltr'><strong>caedem</strong></span> <span class='ocrx_word' id='word_1_222' title='bbox 1533 1794 1582 1848; x_wconf 80' lang='lat' dir='ltr'><strong>in</strong></span> <span class='ocrx_word' id='word_1_223' title='bbox 1614 1804 1820 1849; x_wconf 85' lang='lat' dir='ltr'><strong>Ithacam</strong></span> <span class='ocrx_word' id='word_1_224' title='bbox 1860 1802 2004 1849; x_wconf 89' lang='lat' dir='ltr'><strong>delato</strong></span> <span class='ocrx_word' id='word_1_225' title='bbox 2046 1801 2197 1861; x_wconf 87' lang='lat' dir='ltr'><strong>ibique</strong></span> <span class='ocrx_word' id='word_1_226' title='bbox 2239 1798 2396 1846; x_wconf 83' lang='lat' dir='ltr'><strong>vatici-</strong></span> 
     </span>
    </p>
   </div>
   <div class='ocr_carea' id='block_1_3' title="bbox 455 1957 2394 2242">
    <p class='ocr_par' dir='ltr' id='par_1_3' title="bbox 455 1957 2394 2242">
     <span class='ocr_line' id='line_1_23' title="bbox 455 1957 2394 2009; baseline -0.003 -15"><span class='ocrx_word' id='word_1_227' title='bbox 455 1959 602 1994; x_wconf 80' lang='lat' dir='ltr'><strong>xLVn</strong></span> <span class='ocrx_word' id='word_1_228' title='bbox 611 1969 688 2001; x_wconf 85' lang='lat' dir='ltr'><strong>sqq.</strong></span> <span class='ocrx_word' id='word_1_229' title='bbox 704 1958 765 2000; x_wconf 88' lang='lat' dir='ltr'><strong>qui</strong></span> <span class='ocrx_word' id='word_1_230' title='bbox 779 1968 886 2000; x_wconf 86' lang='lat' dir='ltr'><strong>quum</strong></span> <span class='ocrx_word' id='word_1_231' title='bbox 898 1959 1003 1993; x_wconf 85' lang='lat' dir='ltr'><strong>etiam</strong></span> <span class='ocrx_word' id='word_1_232' title='bbox 1014 1960 1157 2002; x_wconf 78' lang='lat' dir='ltr'><strong>singula</strong></span> <span class='ocrx_word' id='word_1_233' title='bbox 1169 1969 1250 1994; x_wconf 85' lang='lat' dir='ltr'><strong>esse</strong></span> <span class='ocrx_word' id='word_1_234' title='bbox 1264 1960 1300 1995; x_wconf 91' lang='lat' dir='ltr'><strong>in</strong></span> <span class='ocrx_word' id='word_1_235' title='bbox 1315 1963 1381 1996; x_wconf 82' lang='lat' dir='ltr'><strong>hac</strong></span> <span class='ocrx_word' id='word_1_236' title='bbox 1401 1961 1707 2009; x_wconf 84' lang='lat' dir='ltr'><strong>interloquutione</strong></span> <span class='ocrx_word' id='word_1_237' title='bbox 1723 1962 1874 2002; x_wconf 83' lang='lat' dir='ltr'><strong>diceret,</strong></span> <span class='ocrx_word' id='word_1_238' title='bbox 1896 1969 1986 2002; x_wconf 84' lang='lat' dir='ltr'><strong>quae</strong></span> <span class='ocrx_word' id='word_1_239' title='bbox 2002 1965 2041 1993; x_wconf 86' lang='lat' dir='ltr'><strong>nt</strong></span> <span class='ocrx_word' id='word_1_240' title='bbox 2059 1957 2285 1992; x_wconf 76' lang='lat' dir='ltr'><strong>inlib.vl11.</strong></span> <span class='ocrx_word' id='word_1_241' title='bbox 2301 1960 2394 1997; x_wconf 84' lang='lat' dir='ltr'><strong>ejus·</strong></span> 
     </span>
     <span class='ocr_line' id='line_1_24' title="bbox 456 2016 2393 2061; baseline -0.003 -8"><span class='ocrx_word' id='word_1_242' title='bbox 456 2030 525 2061; x_wconf 88' lang='lat' dir='ltr'><strong>que</strong></span> <span class='ocrx_word' id='word_1_243' title='bbox 547 2017 777 2052; x_wconf 85' lang='lat' dir='ltr'><strong>certaminum</strong></span> <span class='ocrx_word' id='word_1_244' title='bbox 799 2016 1044 2061; x_wconf 80' lang='lat' dir='ltr'><strong>descriptione</strong></span> <span class='ocrx_word' id='word_1_245' title='bbox 1065 2028 1087 2051; x_wconf 87' lang='lat' dir='ltr'><strong>a</strong></span> <span class='ocrx_word' id='word_1_246' title='bbox 1108 2018 1217 2053; x_wconf 87' lang='lat' dir='ltr'><strong>solita</strong></span> <span class='ocrx_word' id='word_1_247' title='bbox 1240 2020 1495 2053; x_wconf 84' lang='lat' dir='ltr'><strong>consuetudine</strong></span> <span class='ocrx_word' id='word_1_248' title='bbox 1520 2021 1689 2053; x_wconf 88' lang='lat' dir='ltr'><strong>recedere</strong></span> <span class='ocrx_word' id='word_1_249' title='bbox 1714 2021 1924 2060; x_wconf 84' lang='lat' dir='ltr'><strong>videantur,</strong></span> <span class='ocrx_word' id='word_1_250' title='bbox 1965 2019 2089 2053; x_wconf 83' lang='lat' dir='ltr'><strong>nescio</strong></span> <span class='ocrx_word' id='word_1_251' title='bbox 2112 2029 2155 2051; x_wconf 87' lang='lat' dir='ltr'><strong>an</strong></span> <span class='ocrx_word' id='word_1_252' title='bbox 2177 2019 2320 2050; x_wconf 80' lang='lat' dir='ltr'><strong>Aretam</strong></span> <span class='ocrx_word' id='word_1_253' title='bbox 2344 2017 2393 2048; x_wconf 83' lang='lat' dir='ltr'><strong>ita</strong></span> 
     </span>
     <span class='ocr_line' id='line_1_25' title="bbox 455 2072 2392 2119; baseline -0.003 -10"><span class='ocrx_word' id='word_1_254' title='bbox 455 2076 639 2109; x_wconf 78' lang='lat' dir='ltr'><strong>Phaeaces</strong></span> <span class='ocrx_word' id='word_1_255' title='bbox 661 2074 900 2106; x_wconf 81' lang='lat' dir='ltr'><strong>admonentem</strong></span> <span class='ocrx_word' id='word_1_256' title='bbox 918 2080 1029 2117; x_wconf 84' lang='lat' dir='ltr'><strong>putet,</strong></span> <span class='ocrx_word' id='word_1_257' title='bbox 1053 2082 1092 2108; x_wconf 89' lang='lat' dir='ltr'><strong>ut</strong></span> <span class='ocrx_word' id='word_1_258' title='bbox 1114 2075 1149 2107; x_wconf 92' lang='lat' dir='ltr'><strong>in</strong></span> <span class='ocrx_word' id='word_1_259' title='bbox 1171 2077 1289 2109; x_wconf 88' lang='lat' dir='ltr'><strong>medio</strong></span> <span class='ocrx_word' id='word_1_260' title='bbox 1312 2077 1549 2119; x_wconf 86' lang='lat' dir='ltr'><strong>relinquatur,</strong></span> <span class='ocrx_word' id='word_1_261' title='bbox 1573 2077 1814 2110; x_wconf 85' lang='lat' dir='ltr'><strong>innotueritne</strong></span> <span class='ocrx_word' id='word_1_262' title='bbox 1837 2077 1973 2110; x_wconf 85' lang='lat' dir='ltr'><strong>nobilis</strong></span> <span class='ocrx_word' id='word_1_263' title='bbox 1995 2077 2072 2118; x_wconf 84' lang='lat' dir='ltr'><strong>ille,</strong></span> <span class='ocrx_word' id='word_1_264' title='bbox 2093 2085 2195 2117; x_wconf 88' lang='lat' dir='ltr'><strong>quem</strong></span> <span class='ocrx_word' id='word_1_265' title='bbox 2216 2083 2316 2106; x_wconf 89' lang='lat' dir='ltr'><strong>suum</strong></span> <span class='ocrx_word' id='word_1_266' title='bbox 2333 2072 2392 2105; x_wconf 89' lang='lat' dir='ltr'><strong>di-</strong></span> 
     </span>
     <span class='ocr_line' id='line_1_26' title="bbox 455 2122 2393 2178; baseline -0.002 -10"><span class='ocrx_word' id='word_1_267' title='bbox 455 2122 529 2175; x_wconf 31' lang='lat' dir='ltr'><strong>cit(</strong></span> <span class='ocrx_word' id='word_1_268' title='bbox 542 2136 673 2178; x_wconf 80' lang='lat' dir='ltr'><strong>hospes</strong></span> <span class='ocrx_word' id='word_1_269' title='bbox 693 2143 817 2174; x_wconf 84' lang='lat' dir='ltr'><strong>necne,</strong></span> <span class='ocrx_word' id='word_1_270' title='bbox 839 2142 941 2174; x_wconf 89' lang='lat' dir='ltr'><strong>quam</strong></span> <span class='ocrx_word' id='word_1_271' title='bbox 954 2132 1214 2174; x_wconf 84' lang='lat' dir='ltr'><strong>ambiguitatem</strong></span> <span class='ocrx_word' id='word_1_272' title='bbox 1233 2135 1335 2168; x_wconf 79' lang='lat' dir='ltr'><strong>v.339</strong></span> <span class='ocrx_word' id='word_1_273' title='bbox 1347 2135 1519 2176; x_wconf 68' lang='grc' dir='ltr'><strong>χρηίζοντι</strong></span> <span class='ocrx_word' id='word_1_274' title='bbox 1534 2144 1569 2170; x_wconf 88' lang='lat' dir='ltr'><strong>et</strong></span> <span class='ocrx_word' id='word_1_275' title='bbox 1582 2136 1728 2169; x_wconf 80' lang='lat' dir='ltr'><strong>Alcinoi</strong></span> <span class='ocrx_word' id='word_1_276' title='bbox 1753 2135 1885 2168; x_wconf 84' lang='lat' dir='ltr'><strong>fiducia</strong></span> <span class='ocrx_word' id='word_1_277' title='bbox 1907 2146 1975 2168; x_wconf 89' lang='lat' dir='ltr'><strong>non</strong></span> <span class='ocrx_word' id='word_1_278' title='bbox 1992 2133 2173 2167; x_wconf 84' lang='lat' dir='ltr'><strong>admodum</strong></span> <span class='ocrx_word' id='word_1_279' title='bbox 2191 2131 2393 2166; x_wconf 75' lang='lat' dir='ltr'><strong>honorifice</strong></span> 
     </span>
     <span class='ocr_line' id='line_1_27' title="bbox 458 2190 2045 2242; baseline -0.001 -18"><span class='ocrx_word' id='word_1_280' title='bbox 458 2193 613 2242; x_wconf 85' lang='lat' dir='ltr'><strong>indicata</strong></span> <span class='ocrx_word' id='word_1_281' title='bbox 641 2202 672 2223; x_wconf 84' lang='lat' dir='ltr'><strong>v.</strong></span> <span class='ocrx_word' id='word_1_282' title='bbox 693 2192 758 2224; x_wconf 82' lang='lat'><strong>362</strong></span> <span class='ocrx_word' id='word_1_283' title='bbox 779 2201 858 2232; x_wconf 73' lang='lat' dir='ltr'><strong>sqq.</strong></span> <span class='ocrx_word' id='word_1_284' title='bbox 881 2192 1008 2224; x_wconf 77' lang='lat' dir='ltr'><strong>saltem</strong></span> <span class='ocrx_word' id='word_1_285' title='bbox 1031 2202 1100 2223; x_wconf 90' lang='lat' dir='ltr'><strong>non</strong></span> <span class='ocrx_word' id='word_1_286' title='bbox 1123 2191 1291 2226; x_wconf 87' lang='lat' dir='ltr'><strong>minuunt.</strong></span> <span class='ocrx_word' id='word_1_287' title='bbox 1347 2192 1419 2224; x_wconf 86' lang='lat' dir='ltr'><strong>Sed</strong></span> <span class='ocrx_word' id='word_1_288' title='bbox 1442 2203 1475 2225; x_wconf 84' lang='lat' dir='ltr'><strong>v.</strong></span> <span class='ocrx_word' id='word_1_289' title='bbox 1500 2193 1605 2235; x_wconf 84' lang='lat' dir='ltr'><strong>plura</strong></span> <span class='ocrx_word' id='word_1_290' title='bbox 1627 2192 1671 2223; x_wconf 85' lang='lat' dir='ltr'><strong>ad</strong></span> <span class='ocrx_word' id='word_1_291' title='bbox 1695 2192 1797 2223; x_wconf 82' lang='lat' dir='ltr'><strong>finem</strong></span> <span class='ocrx_word' id='word_1_292' title='bbox 1819 2198 1929 2223; x_wconf 87' lang='lat' dir='ltr'><strong>nostr.</strong></span> <span class='ocrx_word' id='word_1_293' title='bbox 1951 2190 2045 2233; x_wconf 84' lang='lat' dir='ltr'><strong>disp.</strong></span> 
     </span>
    </p>
   </div>
   <div class='ocr_carea' id='block_1_4' title="bbox 346 2256 2390 2707">
    <p class='ocr_par' dir='ltr' id='par_1_4' title="bbox 346 2256 2390 2707">
     <span class='ocr_line' id='line_1_28' title="bbox 346 2256 2390 2308; baseline -0.003 -8"><span class='ocrx_word' id='word_1_294' title='bbox 346 2265 498 2303; x_wconf 65' lang='lat' dir='ltr'><strong>ian-„10</strong></span> <span class='ocrx_word' id='word_1_295' title='bbox 518 2256 810 2298; x_wconf 57' lang='lat' dir='ltr'><strong>mentatione</strong></span> <span class='ocrx_word' id='word_1_296' title='bbox 830 2263 1057 2301; x_wconf 52' lang='lat' dir='ltr'><strong>dezexerena</strong></span> <span class='ocrx_word' id='word_1_297' title='bbox 1078 2263 1266 2305; x_wconf 71' lang='lat' dir='ltr'><strong>Odysseae</strong></span> <span class='ocrx_word' id='word_1_298' title='bbox 1287 2271 1399 2306; x_wconf 68' lang='lat' dir='ltr'><strong>pam.</strong></span> <span class='ocrx_word' id='word_1_299' title='bbox 1465 2265 1520 2298; x_wconf 79' lang='lat' dir='ltr'><strong>cc.</strong></span> <span class='ocrx_word' id='word_1_300' title='bbox 1544 2266 1726 2298; x_wconf 73' lang='lat' dir='ltr'><strong>Nitzschii</strong></span> <span class='ocrx_word' id='word_1_301' title='bbox 1751 2266 1861 2308; x_wconf 72' lang='lat' dir='ltr'><strong>praef.</strong></span> <span class='ocrx_word' id='word_1_302' title='bbox 1886 2265 1970 2299; x_wconf 72' lang='lat' dir='ltr'><strong>voi.</strong></span> <span class='ocrx_word' id='word_1_303' title='bbox 1991 2263 2039 2296; x_wconf 91' lang='lat'><strong>11.</strong></span> <span class='ocrx_word' id='word_1_304' title='bbox 2073 2273 2154 2306; x_wconf 72' lang='lat' dir='ltr'><strong>pag.</strong></span> <span class='ocrx_word' id='word_1_305' title='bbox 2178 2261 2301 2295; x_wconf 77' lang='lat' dir='ltr'><strong>an.</strong></span> <span class='ocrx_word' id='word_1_306' title='bbox 2327 2262 2390 2297; x_wconf 81' lang='lat' dir='ltr'><strong>ubi</strong></span> 
     </span>
     <span class='ocr_line' id='line_1_29' title="bbox 392 2316 2388 2367; baseline -0.003 -10"><span class='ocrx_word' id='word_1_307' title='bbox 392 2338 435 2357; x_wconf 66' lang='lat'><strong>*2⁷</strong></span> <span class='ocrx_word' id='word_1_308' title='bbox 454 2321 661 2359; x_wconf 63' lang='lat' dir='ltr'><strong>nonisolnm</strong></span> <span class='ocrx_word' id='word_1_309' title='bbox 683 2316 862 2364; x_wconf 56' lang='lat' dir='ltr'><strong>auctoris}</strong></span> <span class='ocrx_word' id='word_1_310' title='bbox 902 2320 965 2355; x_wconf 85' lang='lat' dir='ltr'><strong>sed</strong></span> <span class='ocrx_word' id='word_1_311' title='bbox 990 2320 1096 2356; x_wconf 79' lang='lat' dir='ltr'><strong>etiam</strong></span> <span class='ocrx_word' id='word_1_312' title='bbox 1117 2319 1286 2363; x_wconf 80' lang='lat' dir='ltr'><strong>Knigbtii</strong></span> <span class='ocrx_word' id='word_1_313' title='bbox 1311 2327 1348 2355; x_wconf 82' lang='lat' dir='ltr'><strong>et</strong></span> <span class='ocrx_word' id='word_1_314' title='bbox 1369 2321 1413 2354; x_wconf 89' lang='lat' dir='ltr'><strong>B.</strong></span> <span class='ocrx_word' id='word_1_315' title='bbox 1437 2320 1646 2367; x_wconf 76' lang='lat' dir='ltr'><strong>Thierscliii</strong></span> <span class='ocrx_word' id='word_1_316' title='bbox 1670 2320 1847 2355; x_wconf 84' lang='lat' dir='ltr'><strong>sententia</strong></span> <span class='ocrx_word' id='word_1_317' title='bbox 1870 2319 2093 2366; x_wconf 78' lang='lat' dir='ltr'><strong>proponitur.</strong></span> <span class='ocrx_word' id='word_1_318' title='bbox 2155 2319 2214 2354; x_wconf 89' lang='lat' dir='ltr'><strong>De</strong></span> <span class='ocrx_word' id='word_1_319' title='bbox 2233 2318 2388 2353; x_wconf 73' lang='lat' dir='ltr'><strong>Aristot.</strong></span> 
     </span>
     <span class='ocr_line' id='line_1_30' title="bbox 443 2379 968 2423; baseline 0.002 -11.923"><span class='ocrx_word' id='word_1_320' title='bbox 443 2384 581 2415; x_wconf 72' lang='lat' dir='ltr'><strong>contra</strong></span> <span class='ocrx_word' id='word_1_321' title='bbox 601 2379 806 2423; x_wconf 63' lang='lat' dir='ltr'><strong>Wolf-pag.</strong></span> <span class='ocrx_word' id='word_1_322' title='bbox 825 2380 868 2414; x_wconf 71' lang='lat'><strong>6⁹</strong></span> <span class='ocrx_word' id='word_1_323' title='bbox 890 2389 968 2421; x_wconf 79' lang='lat' dir='ltr'><strong>sqq.</strong></span> 
     </span>
     <span class='ocr_line' id='line_1_31' title="bbox 349 2442 1522 2503; baseline -0.003 -17"><span class='ocrx_word' id='word_1_324' title='bbox 349 2453 410 2488; x_wconf 84' lang='lat' dir='ltr'><strong>n)</strong></span> <span class='ocrx_word' id='word_1_325' title='bbox 429 2499 434 2503; x_wconf 89' lang='lat'><strong>.</strong></span> <span class='ocrx_word' id='word_1_326' title='bbox 451 2442 709 2487; x_wconf 61' lang='lat' dir='ltr'><strong>Commentatio</strong></span> <span class='ocrx_word' id='word_1_327' title='bbox 730 2457 787 2485; x_wconf 77' lang='lat' dir='ltr'><strong>est</strong></span> <span class='ocrx_word' id='word_1_328' title='bbox 811 2450 848 2485; x_wconf 90' lang='lat' dir='ltr'><strong>in</strong></span> <span class='ocrx_word' id='word_1_329' title='bbox 872 2461 994 2484; x_wconf 83' lang='lat' dir='ltr'><strong>museo</strong></span> <span class='ocrx_word' id='word_1_330' title='bbox 1015 2450 1188 2483; x_wconf 83' lang='lat' dir='ltr'><strong>Rhenano</strong></span> <span class='ocrx_word' id='word_1_331' title='bbox 1212 2459 1244 2483; x_wconf 89' lang='lat' dir='ltr'><strong>a.</strong></span> <span class='ocrx_word' id='word_1_332' title='bbox 1269 2451 1363 2485; x_wconf 77' lang='lat'><strong>1832.</strong></span> <span class='ocrx_word' id='word_1_333' title='bbox 1394 2452 1466 2486; x_wconf 85' lang='lat' dir='ltr'><strong>vol.</strong></span> <span class='ocrx_word' id='word_1_334' title='bbox 1490 2451 1522 2485; x_wconf 81' lang='lat'><strong>2.</strong></span> 
     </span>
     <span class='ocr_line' id='line_1_32' title="bbox 349 2519 2388 2572; baseline -0.001 -11"><span class='ocrx_word' id='word_1_335' title='bbox 349 2527 411 2564; x_wconf 85' lang='lat'><strong>12)</strong></span> <span class='ocrx_word' id='word_1_336' title='bbox 457 2536 489 2560; x_wconf 74' lang='lat' dir='ltr'><strong>v.</strong></span> <span class='ocrx_word' id='word_1_337' title='bbox 520 2525 624 2572; x_wconf 77' lang='lat' dir='ltr'><strong>Ptol.</strong></span> <span class='ocrx_word' id='word_1_338' title='bbox 644 2525 762 2568; x_wconf 76' lang='lat' dir='ltr'><strong>myth.</strong></span> <span class='ocrx_word' id='word_1_339' title='bbox 784 2534 875 2568; x_wconf 66' lang='lat' dir='ltr'><strong>pag.</strong></span> <span class='ocrx_word' id='word_1_340' title='bbox 898 2519 1060 2567; x_wconf 46' lang='lat' dir='ltr'><strong>361&#39;sqq.</strong></span> <span class='ocrx_word' id='word_1_341' title='bbox 1088 2525 1149 2557; x_wconf 90' lang='lat' dir='ltr'><strong>ubi</strong></span> <span class='ocrx_word' id='word_1_342' title='bbox 1182 2525 1275 2566; x_wconf 88' lang='lat' dir='ltr'><strong>quod</strong></span> <span class='ocrx_word' id='word_1_343' title='bbox 1308 2525 1457 2557; x_wconf 86' lang='lat' dir='ltr'><strong>docetur</strong></span> <span class='ocrx_word' id='word_1_344' title='bbox 1489 2531 1654 2566; x_wconf 86' lang='lat' dir='ltr'><strong>quantum</strong></span> <span class='ocrx_word' id='word_1_345' title='bbox 1688 2525 1946 2570; x_wconf 84' lang='lat' dir='ltr'><strong>interpretibus</strong></span> <span class='ocrx_word' id='word_1_346' title='bbox 1977 2525 2158 2570; x_wconf 89' lang='lat' dir='ltr'><strong>placuerit</strong></span> <span class='ocrx_word' id='word_1_347' title='bbox 2190 2525 2306 2559; x_wconf 81' lang='lat' dir='ltr'><strong>intell.</strong></span> <span class='ocrx_word' id='word_1_348' title='bbox 2342 2535 2388 2558; x_wconf 83' lang='lat' dir='ltr'><strong>ex</strong></span> 
     </span>
     <span class='ocr_line' id='line_1_33' title="bbox 371 2569 1411 2634; baseline -0.003 -17"><span class='ocrx_word' id='word_1_349' title='bbox 371 2629 374 2634; x_wconf 13' lang='grc' dir='ltr'><strong><em>ἢ</em></strong></span> <span class='ocrx_word' id='word_1_350' title='bbox 415 2582 419 2585; x_wconf 79' lang='grc'><strong>’</strong></span> <span class='ocrx_word' id='word_1_351' title='bbox 448 2569 637 2617; x_wconf 61' lang='lat' dir='ltr'><strong>&#39;Nit&#39;zicnu</strong></span> <span class='ocrx_word' id='word_1_352' title='bbox 660 2581 771 2631; x_wconf 72' lang='lat' dir='ltr'><strong>praes.</strong></span> <span class='ocrx_word' id='word_1_353' title='bbox 793 2580 879 2631; x_wconf 69' lang='lat' dir='ltr'><strong>vot.</strong></span> <span class='ocrx_word' id='word_1_354' title='bbox 902 2569 950 2613; x_wconf 72' lang='grc' dir='ltr'><strong>ιι.</strong></span> <span class='ocrx_word' id='word_1_355' title='bbox 981 2573 1062 2625; x_wconf 71' lang='lat' dir='ltr'><strong>pag.</strong></span> <span class='ocrx_word' id='word_1_356' title='bbox 1085 2581 1193 2614; x_wconf 75' lang='lat' dir='ltr'><strong>Lxu</strong></span> <span class='ocrx_word' id='word_1_357' title='bbox 1216 2581 1296 2614; x_wconf 69' lang='lat' dir='ltr'><strong>init.</strong></span> <span class='ocrx_word' id='word_1_358' title='bbox 1389 2619 1411 2623; x_wconf 28' lang='grc' dir='ltr'>Α</span> 
     </span>
     <span class='ocr_line' id='line_1_34' title="bbox 346 2634 2215 2707; baseline -0.002 -16"><span class='ocrx_word' id='word_1_359' title='bbox 346 2662 412 2707; x_wconf 68' lang='lat'><strong>1³1</strong></span> <span class='ocrx_word' id='word_1_360' title='bbox 452 2635 681 2700; x_wconf 57' lang='lat' dir='ltr'><strong>..secanda</strong></span> <span class='ocrx_word' id='word_1_361' title='bbox 704 2655 793 2701; x_wconf 66' lang='lat' dir='ltr'><strong>sim,</strong></span> <span class='ocrx_word' id='word_1_362' title='bbox 817 2634 1028 2694; x_wconf 52' lang='lat' dir='ltr'><strong>erinnem</strong></span> <span class='ocrx_word' id='word_1_363' title='bbox 1050 2641 1115 2704; x_wconf 59' lang='grc' dir='ltr'><strong>ψ’,</strong></span> <span class='ocrx_word' id='word_1_364' title='bbox 1136 2656 1200 2706; x_wconf 72' lang='lat'><strong>,2¹-</strong></span> <span class='ocrx_word' id='word_1_365' title='bbox 1215 2665 1309 2699; x_wconf 55' lang='lat' dir='ltr'><strong>pag.</strong></span> <span class='ocrx_word' id='word_1_366' title='bbox 1334 2653 1396 2687; x_wconf 81' lang='lat'><strong>156</strong></span> <span class='ocrx_word' id='word_1_367' title='bbox 1418 2663 1495 2695; x_wconf 79' lang='lat' dir='ltr'><strong>sqq.</strong></span> <span class='ocrx_word' id='word_1_368' title='bbox 1519 2653 1564 2685; x_wconf 79' lang='lat' dir='ltr'><strong>cf.</strong></span> <span class='ocrx_word' id='word_1_369' title='bbox 1585 2653 1769 2688; x_wconf 62' lang='lat' dir='ltr'><strong>masenii</strong></span> <span class='ocrx_word' id='word_1_370' title='bbox 1792 2656 1817 2688; x_wconf 86' lang='lat'><strong>1.</strong></span> <span class='ocrx_word' id='word_1_371' title='bbox 1841 2667 1871 2689; x_wconf 79' lang='lat' dir='ltr'><strong>c.</strong></span> <span class='ocrx_word' id='word_1_372' title='bbox 1896 2666 1975 2699; x_wconf 72' lang='lat' dir='ltr'><strong>pag.</strong></span> <span class='ocrx_word' id='word_1_373' title='bbox 1998 2654 2104 2689; x_wconf 76' lang='lat' dir='ltr'><strong>an</strong></span> <span class='ocrx_word' id='word_1_374' title='bbox 2124 2655 2215 2688; x_wconf 71' lang='lat' dir='ltr'><strong>med.</strong></span> 
     </span>
    </p>
   </div>
   <div class='ocr_carea' id='block_1_5' title="bbox 280 2725 2389 3004">
    <p class='ocr_par' dir='ltr' id='par_1_5' title="bbox 280 2725 2389 3004">
     <span class='ocr_line' id='line_1_35' title="bbox 280 2725 2388 2771; baseline -0.004 -3"><span class='ocrx_word' id='word_1_375' title='bbox 280 2767 282 2769; x_wconf 87' lang='grc'><strong>,</strong></span> <span class='ocrx_word' id='word_1_376' title='bbox 349 2733 412 2771; x_wconf 76' lang='grc'><strong>14)</strong></span> <span class='ocrx_word' id='word_1_377' title='bbox 455 2727 662 2766; x_wconf 83' lang='lat' dir='ltr'><strong>Nitzschius</strong></span> <span class='ocrx_word' id='word_1_378' title='bbox 684 2729 753 2762; x_wconf 86' lang='lat' dir='ltr'><strong>hoc</strong></span> <span class='ocrx_word' id='word_1_379' title='bbox 775 2727 1166 2764; x_wconf 46' lang='lat' dir='ltr'><strong>Minervaeodunaex</strong></span> <span class='ocrx_word' id='word_1_380' title='bbox 1187 2727 1345 2761; x_wconf 70' lang='lat' dir='ltr'><strong>Deorum</strong></span> <span class='ocrx_word' id='word_1_381' title='bbox 1366 2725 1639 2760; x_wconf 81' lang='lat' dir='ltr'><strong>Homericorum</strong></span> <span class='ocrx_word' id='word_1_382' title='bbox 1670 2733 1815 2768; x_wconf 85' lang='lat' dir='ltr'><strong>natura,</strong></span> <span class='ocrx_word' id='word_1_383' title='bbox 1861 2729 1982 2771; x_wconf 84' lang='lat' dir='ltr'><strong>potius</strong></span> <span class='ocrx_word' id='word_1_384' title='bbox 2012 2727 2186 2762; x_wconf 84' lang='lat' dir='ltr'><strong>tuentium</strong></span> <span class='ocrx_word' id='word_1_385' title='bbox 2208 2737 2309 2771; x_wconf 84' lang='lat' dir='ltr'><strong>qnam</strong></span> <span class='ocrx_word' id='word_1_386' title='bbox 2335 2728 2388 2760; x_wconf 87' lang='lat' dir='ltr'><strong>in-</strong></span> 
     </span>
     <span class='ocr_line' id='line_1_36' title="bbox 373 2784 2389 2829; baseline -0.003 -6"><span class='ocrx_word' id='word_1_387' title='bbox 373 2803 385 2813; x_wconf 45' lang='grc' dir='ltr'><strong>τ</strong></span> <span class='ocrx_word' id='word_1_388' title='bbox 403 2802 406 2807; x_wconf 90' lang='grc'><strong><em>·</em></strong></span> <span class='ocrx_word' id='word_1_389' title='bbox 453 2787 712 2824; x_wconf 73' lang='grc' dir='ltr'>ιεκοᾱοιιιίιιιιι</span> <span class='ocrx_word' id='word_1_390' title='bbox 734 2793 842 2829; x_wconf 87' lang='lat' dir='ltr'><strong>atque</strong></span> <span class='ocrx_word' id='word_1_391' title='bbox 863 2798 912 2820; x_wconf 87' lang='lat' dir='ltr'><strong>ex</strong></span> <span class='ocrx_word' id='word_1_392' title='bbox 924 2785 1085 2829; x_wconf 80' lang='lat' dir='ltr'><strong>Neptuni</strong></span> <span class='ocrx_word' id='word_1_393' title='bbox 1107 2784 1337 2826; x_wconf 80' lang='lat' dir='ltr'><strong>auctoritate,</strong></span> <span class='ocrx_word' id='word_1_394' title='bbox 1358 2791 1441 2819; x_wconf 76' lang='lat' dir='ltr'><strong>ante</strong></span> <span class='ocrx_word' id='word_1_395' title='bbox 1461 2786 1647 2819; x_wconf 75' lang='lat' dir='ltr'><strong>adventurn</strong></span> <span class='ocrx_word' id='word_1_396' title='bbox 1672 2787 1765 2820; x_wconf 87' lang='lat' dir='ltr'><strong>inter</strong></span> <span class='ocrx_word' id='word_1_397' title='bbox 1788 2787 1969 2820; x_wconf 82' lang='lat' dir='ltr'><strong>Phaeaces</strong></span> <span class='ocrx_word' id='word_1_398' title='bbox 1992 2786 2258 2820; x_wconf 76' lang='lat' dir='ltr'><strong>extimescenda</strong></span> <span class='ocrx_word' id='word_1_399' title='bbox 2280 2785 2389 2818; x_wconf 83' lang='lat' dir='ltr'><strong>inter-</strong></span> 
     </span>
     <span class='ocr_line' id='line_1_37' title="bbox 452 2843 2388 2891; baseline -0.003 -11"><span class='ocrx_word' id='word_1_400' title='bbox 452 2851 622 2891; x_wconf 68' lang='lat' dir='ltr'><strong>pretatur.</strong></span> <span class='ocrx_word' id='word_1_401' title='bbox 667 2844 724 2878; x_wconf 76' lang='lat' dir='ltr'><strong>cf.</strong></span> <span class='ocrx_word' id='word_1_402' title='bbox 747 2844 775 2879; x_wconf 86' lang='lat'><strong>1.</strong></span> <span class='ocrx_word' id='word_1_403' title='bbox 796 2854 826 2877; x_wconf 83' lang='lat' dir='ltr'><strong>c.</strong></span> <span class='ocrx_word' id='word_1_404' title='bbox 848 2853 928 2888; x_wconf 83' lang='lat' dir='ltr'><strong>pag.</strong></span> <span class='ocrx_word' id='word_1_405' title='bbox 951 2844 1117 2878; x_wconf 79' lang='lat' dir='ltr'>XXXIX</span> <span class='ocrx_word' id='word_1_406' title='bbox 1140 2849 1177 2877; x_wconf 67' lang='lat' dir='ltr'><strong>ct</strong></span> <span class='ocrx_word' id='word_1_407' title='bbox 1197 2843 1336 2877; x_wconf 80' lang='lat' dir='ltr'><strong>XLIV.</strong></span> <span class='ocrx_word' id='word_1_408' title='bbox 1379 2843 1453 2877; x_wconf 81' lang='lat' dir='ltr'><strong>Sed</strong></span> <span class='ocrx_word' id='word_1_409' title='bbox 1478 2843 1540 2876; x_wconf 86' lang='lat' dir='ltr'><strong>ubi</strong></span> <span class='ocrx_word' id='word_1_410' title='bbox 1563 2844 1693 2877; x_wconf 83' lang='lat' dir='ltr'><strong>Iliadis</strong></span> <span class='ocrx_word' id='word_1_411' title='bbox 1715 2846 1904 2887; x_wconf 68' lang='grc' dir='ltr'><strong>θεομαχίαέ</strong></span> <span class='ocrx_word' id='word_1_412' title='bbox 1924 2850 1962 2878; x_wconf 87' lang='lat' dir='ltr'><strong>et</strong></span> <span class='ocrx_word' id='word_1_413' title='bbox 1983 2850 2201 2878; x_wconf 75' lang='lat' dir='ltr'><strong>constantem</strong></span> <span class='ocrx_word' id='word_1_414' title='bbox 2223 2844 2268 2876; x_wconf 87' lang='lat' dir='ltr'><strong>de</strong></span> <span class='ocrx_word' id='word_1_415' title='bbox 2290 2844 2388 2886; x_wconf 84' lang='lat' dir='ltr'><strong>Nep·</strong></span> 
     </span>
     <span class='ocr_line' id='line_1_38' title="bbox 453 2901 2389 2944; baseline -0.003 -7"><span class='ocrx_word' id='word_1_416' title='bbox 453 2910 537 2937; x_wconf 84' lang='lat' dir='ltr'><strong>tuno</strong></span> <span class='ocrx_word' id='word_1_417' title='bbox 559 2908 596 2936; x_wconf 77' lang='lat' dir='ltr'><strong>et</strong></span> <span class='ocrx_word' id='word_1_418' title='bbox 617 2903 779 2936; x_wconf 80' lang='lat' dir='ltr'><strong>Minerva</strong></span> <span class='ocrx_word' id='word_1_419' title='bbox 800 2901 1017 2935; x_wconf 74' lang='lat' dir='ltr'><strong>certantibus</strong></span> <span class='ocrx_word' id='word_1_420' title='bbox 1038 2903 1196 2944; x_wconf 69' lang='lat' dir='ltr'><strong>nythum</strong></span> <span class='ocrx_word' id='word_1_421' title='bbox 1217 2918 1260 2926; x_wconf 90' lang='lat'>—</span> <span class='ocrx_word' id='word_1_422' title='bbox 1282 2902 1326 2935; x_wconf 86' lang='lat' dir='ltr'><strong>ad</strong></span> <span class='ocrx_word' id='word_1_423' title='bbox 1348 2911 1450 2942; x_wconf 87' lang='lat' dir='ltr'><strong>quem</strong></span> <span class='ocrx_word' id='word_1_424' title='bbox 1469 2902 1699 2936; x_wconf 86' lang='lat' dir='ltr'><strong>Voelckerus</strong></span> <span class='ocrx_word' id='word_1_425' title='bbox 1722 2908 1827 2934; x_wconf 82' lang='lat' dir='ltr'><strong>totam</strong></span> <span class='ocrx_word' id='word_1_426' title='bbox 1851 2902 2002 2935; x_wconf 84' lang='lat' dir='ltr'><strong>Iliadem</strong></span> <span class='ocrx_word' id='word_1_427' title='bbox 2022 2903 2203 2936; x_wconf 84' lang='lat' dir='ltr'><strong>revocavit</strong></span> <span class='ocrx_word' id='word_1_428' title='bbox 2225 2903 2269 2935; x_wconf 84' lang='lat' dir='ltr'><strong>cf.</strong></span> <span class='ocrx_word' id='word_1_429' title='bbox 2284 2901 2389 2934; x_wconf 86' lang='lat' dir='ltr'><strong>Seeb.</strong></span> 
     </span>
     <span class='ocr_line' id='line_1_39' title="bbox 454 2958 1935 3004; baseline -0.003 -7"><span class='ocrx_word' id='word_1_430' title='bbox 454 2962 544 2998; x_wconf 82' lang='lat' dir='ltr'><strong>bibl.</strong></span> <span class='ocrx_word' id='word_1_431' title='bbox 569 2959 650 2996; x_wconf 85' lang='lat' dir='ltr'><strong>crit.</strong></span> <span class='ocrx_word' id='word_1_432' title='bbox 674 2960 698 2995; x_wconf 87' lang='lat'><strong>1.</strong></span> <span class='ocrx_word' id='word_1_433' title='bbox 724 2971 755 2996; x_wconf 89' lang='lat' dir='ltr'><strong>c.</strong></span> <span class='ocrx_word' id='word_1_434' title='bbox 777 2978 819 2986; x_wconf 94' lang='lat'><strong>—</strong></span> <span class='ocrx_word' id='word_1_435' title='bbox 842 2958 1019 3004; x_wconf 88' lang='lat' dir='ltr'><strong>respicio,</strong></span> <span class='ocrx_word' id='word_1_436' title='bbox 1044 2969 1173 2994; x_wconf 82' lang='lat' dir='ltr'><strong>vereor</strong></span> <span class='ocrx_word' id='word_1_437' title='bbox 1194 2968 1237 2993; x_wconf 88' lang='lat' dir='ltr'><strong>ne</strong></span> <span class='ocrx_word' id='word_1_438' title='bbox 1260 2958 1296 2993; x_wconf 93' lang='lat' dir='ltr'><strong>in</strong></span> <span class='ocrx_word' id='word_1_439' title='bbox 1320 2958 1478 2994; x_wconf 80' lang='lat' dir='ltr'><strong>sontibus</strong></span> <span class='ocrx_word' id='word_1_440' title='bbox 1500 2958 1665 3003; x_wconf 84' lang='lat' dir='ltr'><strong>locisque</strong></span> <span class='ocrx_word' id='word_1_441' title='bbox 1686 2968 1792 2993; x_wconf 85' lang='lat' dir='ltr'><strong>causa</strong></span> <span class='ocrx_word' id='word_1_442' title='bbox 1814 2959 1935 2994; x_wconf 80' lang='lat' dir='ltr'><strong>lateat.</strong></span> 
     </span>
    </p>
   </div>
  </div>
 </body>
</html>
