2745 3262
1156 181 1227 190 .-
1352 156 1391 210 2
1513 181 1583 192 -

337 277 446 323 stris
475 278 620 325 literis
655 280 895 324 innumera
926 280 1133 338 exempla
1164 287 1267 323 sunt
1289 276 1349 338 ³).
1440 282 1701 326 Homerum
1732 295 1866 336 vero,
1909 281 1947 325 si
1981 281 2178 327 alterum
2215 296 2405 329 carmen

335 354 461 401 mira
491 356 681 414 quadam
714 354 1027 414 aequabilitate
1059 354 1440 410 conformaverit,
1473 356 1539 399 in-
1561 357 1703 400 altero
1735 356 1902 413 etiam,
1935 357 2051 417 quod
2076 358 2280 416 ejusdem
2307 358 2405 403 fere

336 432 576 491 temporis,
608 431 898 491 ejusdemque
931 432 1127 494 ingenii,
1164 448 1439 491 quamquam
1469 432 1684 479 uberiore
1712 449 1873 480 rerum
1907 435 2037 495 copia
2071 437 2216 481 multo
2249 434 2405 480 diffici-

336 508 464 553 lioris
496 509 839 567 compositionis
871 519 996 566 erat,
1050 509 1169 555 haud
1211 509 1353 555 alium
1385 509 1704 569 diversumque
1741 512 2079 570 prodiisse‘nec
2121 512 2208 558 alia
2240 525 2406 556 norma

336 583 676 642 dijudicandum
704 600 829 642 esse,
868 587 966 645 quis
999 596 1088 643 est,
1131 587 1207 646 qui
1240 585 1445 632 dubitet?
1509 586 1649 645 Atqui
1681 595 1805 633 tanta
1836 597 1880 633 et
1919 597 2018 634 tam
2053 590 2288 648 praeclara
2316 596 2406 633 stu-

335 660 409 705 dia
438 660 486 705 in
518 661 744 721 Odysseae
760 696 774 718 ,
824 678 962 721 quam
1000 663 1120 719 dixi,
1173 662 1546 707 conformitatem
1585 672 1629 706 et
1661 663 1974 721 explicandam
2006 674 2051 709 et
2083 664 2407 726 depingendam

334 738 496 783 collata
533 747 659 793 sunt,
696 747 746 783 ut
778 738 877 783 fere
910 740 1096 785 nomina
1130 739 1555 785 attulisse-sufficiat
1570 772 1585 795 ,
1619 739 1697 784 ubi
1728 750 1913 799 propter
1942 741 2148 786 limitum
2179 739 2406 801 angustias

333 813 382 859 in
419 830 522 859 rem
569 814 718 874 ipsam
747 815 1011 875 explicatius
1045 815 1276 875 inquirere
1316 831 1406 861 non
1438 816 1558 862 licet.
1640 818 1765 862 Inter
1798 818 2075 876 quae-cujus
2114 816 2282 862 merita
2311 831 2407 861 ma-

333 892 459 937 xime
487 891 748 937 inclaruere
785 894 838 938 G.
871 894 923 938 G.
957 893 1214 938 Nitzschius
1247 901 1295 937 ut
1328 893 1375 936 in
1408 894 1685 953 praefatione
1717 895 1760 938 II
1799 894 2023 955 Odysseae
2055 893 2299 954 explicatae
2331 907 2408 938 vo-

332 969 498 1014 lumini
528 970 738 1029 adspersa
766 970 820 1015 de
848 971 979 1029 hujus
1008 970 1229 1016 carminis
1262 979 1304 1014 et
1338 970 1426 1014 fine
1456 980 1500 1015 et
1533 971 1821 1029 dispositione
1849 971 2214 1032 ingeniosissime
2240 970 2407 1029 judica-

334 1047 417 1103 vit,
452 1047 517 1092 ita
543 1047 689 1106 qualis
723 1047 854 1109 origo
883 1048 1076 1106 putanda
1099 1048 1172 1104 sit,
1208 1047 1488 1106 conjiciendo
1521 1047 1569 1091 in
1598 1062 1703 1092 eum
1733 1048 1923 1093 modum
1956 1056 2217 1106 assequutus
2245 1056 2326 1102 est,
2360 1056 2410 1092 ut

335 1124 391 1169 ab
426 1125 554 1169 omni
586 1125 684 1169 fere
728 1134 855 1183 parte
888 1124 1194 1169 dubitantibus
1228 1135 1493 1170 occurreret
1515 1124 1569 1178 ⁴).
1668 1125 1956 1183 Quamquam
1998 1124 2122 1168 enim
2159 1123 2411 1168 veterrima

336 1199 556 1259 quaedam
591 1200 644 1244 de
677 1199 812 1244 rebus
846 1199 974 1245 circa
1009 1201 1198 1258 Trojam
1236 1200 1372 1262 gestis
1406 1201 1615 1245 carmina
1649 1200 2055 1259 suppeditaverint,
2107 1199 2221 1244 haec
2256 1207 2411 1243 tamen

335 1278 400 1323 ita
440 1294 467 1323 a
502 1280 633 1336 poe‘ta
666 1278 714 1321 in
753 1291 890 1321 usum
933 1292 1068 1320 suum
1111 1293 1330 1323 conversa
1366 1293 1463 1322 esse
1504 1277 1614 1321 dicit
1646 1286 1696 1321 ut
1727 1278 1856 1335 plane
1889 1292 2060 1321 novum
2100 1286 2143 1320 et
2184 1275 2411 1334 peculiare

334 1354 586 1410 artificium
634 1370 689 1398 ex
722 1356 817 1413 ejus
856 1354 1038 1416 ingenio
1072 1364 1203 1413 atque
1245 1371 1359 1401 cura
1399 1353 1646 1398 effloruerit
1668 1351 1722 1405 ⁵).
1809 1354 1989 1415 Verum
2030 1351 2248 1398 recolenti
2291 1350 2411 1397 mihi

333 1447 658 1491 saepenumero
700 1432 878 1477 divinos
918 1432 1020 1477 illos
1061 1432 1275 1491 spiritus,
1337 1432 1423 1476 hoc
1465 1431 1768 1489 adjiciendum
1805 1430 2072 1486 videbatur,
2104 1424 2107 1426 ’
2135 1443 2412 1493 quamquam

334 1509 668 1567 quodammodo
708 1518 1087 1569 attemperatum,
1150 1510 1266 1568 quod
1310 1510 1421 1554 olim
1465 1509 1513 1553 in
1556 1508 1933 1568 disputatiuncula
1971 1507 2265 1552 Otterndorfii
2306 1507 2412 1552 con-

334 1585 507 1645 scripta
540 1586 810 1648 attigeram,
864 1595 1074 1631 veterum
1114 1586 1302 1631 illorum
1345 1587 1635 1641 carminum,
1683 1586 1779 1630 sive
1817 1575 2000 1644 propter
2034 1585 2320 1630 sanctitatem
2355 1584 2411 1629 ab

331 1663 540 1708 Homero
574 1662 727 1708 minus
761 1671 1044 1708 commutata
1075 1662 1190 1719 sint,
1237 1663 1333 1708 sive
1359 1663 1602 1709 hominum
1633 1662 1889 1724 cognitione
1925 1671 2056 1721 atque
2087 1661 2233 1708 studio
2265 1659 2413 1708 extor-

335 1738 464 1798 queri
495 1754 586 1784 non
617 1726 868 1799 potuerint,
902 1749 997 1785 tam
1027 1748 1181 1797 aperta
1209 1739 1478 1798 deprehendi
1510 1740 1723 1801 vestigia,
1757 1748 1807 1784 ut
1835 1754 1944 1784 cum
1972 1748 2065 1784 toto
2100 1737 2413 1797 descriptionis

335 1817 510 1872 colore,
564 1826 665 1861 tum
698 1818 889 1879 singulis
929 1816 1199 1875 quibusdam
1237 1817 1418 1861 indiciis
1450 1833 1478 1861 a
1514 1816 1699 1874 propria
1739 1818 1896 1874 poe‘tae
1929 1815 2256 1874 compositione
2287 1829 2414 1877 mag-

333 1908 444 1938 nam
490 1904 666 1952 partem
712 1895 916 1956 dignosci
963 1904 1125 1952 queant
1147 1893 1202 1948 ⁶).
1315 1896 1484 1940 Latere
1533 1902 1684 1937 autem
1730 1892 1829 1936 illas
1854 1891 2153 1956 antiquitatis
2199 1893 2414 1953 reliquias

334 1970 650 2016 cummaxime
688 1972 736 2016 in
768 1971 970 2017 Nestoris
1004 1982 1134 2029 atque
1168 1971 1359 2017 Menelai
1392 1970 1768 2017 de-Graecorum
1803 1969 1950 2014 reditu
1982 1969 2320 2017 narrationibus
2350 1980 2414 2016 at-

335 2062 420 2106 que
450 2048 500 2092 in
531 2047 743 2104 Alcinoi,
777 2063 910 2106 quem
943 2048 1121 2106 dicunt,
1157 2051 1370 2109 apologo,
1406 2046 1681 2107 simpliciori
1714 2046 1805 2091 illis
1836 2055 1880 2091 et
1912 2046 2129 2092 sentiendi
2162 2057 2206 2094 et
2238 2048 2415 2095 dicendi

336 2139 468 2170 more
499 2125 743 2188 insignitis,
774 2126 965 2185 prodere
996 2127 1274 2185 peculiarem
1307 2126 1596 2170 inventorem
1624 2131 1725 2168 tum
1760 2122 1973 2181 quidquid
2005 2123 2061 2168 ad
2090 2125 2414 2172 Telemachum

339 2212 531 2261 spectat,
565 2213 717 2263 utpote
745 2204 862 2262 quod
890 2220 972 2263 per
999 2220 1045 2249 se
1074 2205 1186 2249 nihil
1218 2205 1299 2260 sit,
1329 2203 1405 2248 sed
1433 2217 1550 2245 nexu
1583 2209 1761 2245 tantum
1787 2214 1895 2244 cum
1925 2200 2090 2259 ceteris
2116 2203 2413 2259 contineatur,

338 2288 438 2324 tum
469 2290 851 2343 μνηστηροφονίαν,
888 2296 1001 2341 quae
1033 2282 1146 2327 olim
1175 2283 1373 2336 cantata,
1404 2288 1454 2323 ut
1485 2276 1823 2338 diligentiorem
1856 2278 2012 2336 poe'tae
2042 2287 2255 2325 ornatum
2285 2280 2414 2340 sapit,

339 2357 403 2403 ita
433 2359 614 2405 ornanti
644 2361 788 2406 multo
823 2369 921 2406 erat
955 2360 1125 2419 aptior,
1168 2375 1303 2418 quam
1337 2372 1523 2403 errores
1553 2371 1635 2415 per
1667 2354 1903 2414 antiquum
1936 2362 2122 2401 cantum
2149 2356 2414 2404 arctis‘fini-

382 2491 422 2529 3)
469 2490 649 2523 Memento
673 2498 711 2523 ut
735 2500 839 2522 unum
863 2490 1008 2522 afferam
1033 2489 1365 2521 excellentissimae
1389 2486 1616 2528 tragoediae,
1652 2494 1753 2526 quam
1776 2485 1859 2517 Don
1883 2484 2011 2518 carlus
2034 2485 2237 2519 Schillen'ts
2258 2485 2414 2531 inscrip-

468 2547 528 2589 sit,
551 2549 596 2581 ab
622 2547 728 2581 initio
751 2554 856 2590 atque
879 2550 923 2580 ab
945 2549 1046 2581 exitu
1072 2557 1193 2591 parum
1217 2545 1288 2578 sibi
1313 2543 1573 2587 respondentis,
1599 2548 1637 2574 ut
1656 2541 1734 2585 ipse
1757 2547 1880 2574 auctor
1900 2542 2082 2575 consessus
2106 2550 2161 2577 est
2185 2543 2220 2578 in
2245 2544 2416 2588 epistolis

307 2621 327 2636 s
467 2604 551 2638 huic
574 2604 677 2648 operi
704 2604 847 2638 tributis
869 2605 915 2637 cf.
941 2605 1075 2646 scripta
1097 2604 1235 2636 minora
1265 2602 1300 2641 1,
1332 2611 1411 2644 pag.
1435 2602 1497 2633 164
1520 2610 1597 2640 sqq.

385 2678 427 2716 4)
470 2679 494 2711 l.
520 2689 550 2712 c.
574 2689 652 2722 pag.
674 2679 826 2711 xxxu
851 2684 959 2711 totum
983 2678 1169 2720 Odysseae
1193 2681 1433 2717 argumentum
1457 2671 1493 2703 id
1519 2681 1600 2703 esse
1624 2669 1793 2711 legimus,
1834 2669 1927 2710 qnod
1952 2679 2017 2713 per
2039 2679 2081 2704 se
2106 2673 2150 2705 ad
2174 2681 2278 2705 unum
2306 2672 2418 2713 quod-

471 2737 548 2768 dam
571 2737 761 2769 consilium
780 2735 971 2769 dramatica
997 2735 1135 2766 ratione
1153 2734 1285 2766 redeat.
1331 2733 1371 2764 ld
1395 2729 1568 2762 neminem
1586 2736 1736 2767 unquam
1759 2725 1995 2769 praeteriisse
2016 2737 2081 2760 nec
2104 2727 2216 2771 ipsum
2234 2728 2416 2761 Wolfiun.

470 2793 523 2826 Cf.
547 2804 637 2834 quae
659 2800 874 2835 sequuntur,
921 2792 1077 2833 ejusdem
1100 2788 1255 2823 auctoris
1278 2787 1420 2821 dissert.
1445 2788 1491 2820 de
1513 2785 1714 2820 Aristotele
1736 2789 1861 2817 contra
1882 2784 2084 2818 Woltianos
2113 2787 2251 2830 peges
2269 2795 2347 2829 sqq.
2383 2792 2420 2820 et

470 2857 608 2892 quaest.
632 2850 811 2883 Homeric.
834 2857 930 2893 spec.
955 2849 984 2882 1.
1016 2858 1095 2892 pag.
1116 2848 1157 2880 19
1180 2856 1260 2887 sqq.

385 2925 425 2963 5)
471 2923 581 2966 praes.
607 2923 700 2954 laud.
725 2932 802 2964 pag.
826 2922 946 2956 XXV.
971 2922 1016 2954 de
1040 2920 1151 2952 Arist.
1177 2931 1207 2952 c.
1232 2919 1346 2951 Wolf.
1373 2927 1452 2961 pag.
1478 2917 1532 2949 14.
1557 2916 1608 2948 15.
1632 2914 1676 2948 cf.
1701 2915 1745 2947 O.
1768 2914 1927 2947 Mueller
1950 2915 2042 2958 prol.
2066 2916 2177 2958 myth.
2203 2925 2239 2958 p.
2261 2916 2326 2949 348
2343 2925 2420 2958 sqq.

386 3001 427 3039 6)
473 2999 517 3031 de
540 2996 596 3031 1v
619 2997 751 3040 Odyss.
776 2995 867 3028 libri
883 2987 922 3028 ‘v.
946 2995 1009 3029 620
1027 3010 1059 3017 -—
1076 2993 1171 3031 624„
1196 2990 1444 3025 commissurae
1467 2989 1646 3033 suspectis
1671 2996 1738 3023 etc.
1762 3000 1840 3033 pag.
1861 2990 1904 3024 22
1926 2999 2003 3032 sqq.
