2745 3262
324 275 428 313 tum
442 260 686 322 ,perhibent
715 260 854 306 schol.
885 260 1056 317 Harlej.
1087 257 1305 314 addentia,
1335 267 1384 303 ut
1409 258 1538 304 litem
1568 258 1622 304 de
1649 257 1776 303 Hebe
1801 256 1981 320 virgine
2008 256 2251 316 eademque
2277 258 2393 303 Her·

325 341 440 387 culis
475 355 617 385 uxore
649 339 914 383 dirimantz-
954 341 1054 380 ἑνίοι
1081 341 1123 380 δὲ
1159 337 1208 380 οὗ
1241 338 1318 389 τὴν
1349 336 1536 392 οἰνοχόον
1564 335 1736 390 “Ἠβην,
1782 335 1885 378 ἀλλὰ
1918 337 1993 387 τὴν
2026 335 2155 380 dvm&
2188 335 2389 393 ἀνδρείαν.

325 416 416 464 Sed
446 416 552 475 quid
584 415 638 463 ad
670 416 946 474 juventatem
978 413 1158 472 pulchri
1190 412 1269 458 tali
1311 413 1668 471 (καλλίσφυρον)’.Ρ
1752 412 1849 456 Non
1885 411 2019 457 credo
2050 411 2171 457 hunc
2202 425 2392 456 versum

325 502 509 553 propter
540 480 702 554 mythiv
724 491 950 550 duplicem
981 490 1188 536 habitum
1221 488 1574 548 improbandum
1606 503 1727 543 esse,
1788 502 1929 547 quum
1969 486 2016 531 in
2052 486 2261 532 omnibus
2294 486 2394 531 fere

326 569 523 614 Homeri
569 569 655 613 diis
703 568 918 627 distingui
950 568 1111 626 possit,
1169 566 1249 611 ubi
1282 566 1513 610 altiorem'
1533 564 1755 623 quendam
1795 577 1978 608 sensum
2021 571 2065 606 et
2097 563 2176 607 ubi
2208 577 2394 607 merum

328 656 646 693 commentum
671 646 915 703 attingunt,
947 659 1003 688 ne
1031 643 1182 688 dicam
1208 643 1261 687 de
1287 641 1483 687 Hesiodo
1507 640 1628 685 idem
1651 640 1813 685 iisdem
1837 640 1936 683 fere
1967 638 2120 683 verbis
2144 639 2408 705 exhibente,⁴

327 723 492 784 Theog.
528 724 621 770 950
654 732 698 767 et
734 723 840 768 952.
935 721 1155 767 Nitzschii
1197 719 1464 766 sententiam
1502 718 1677 764 invenis
1718 718 1765 762 in
1808 715 2146 775 praeparatione
2185 716 2394 779 indagan-

328 799 409 845 dae
454 815 536 858 per
566 798 761 844 Homeri
795 797 1044 857 Odysseam
1086 796 1441 855 interpolationis
1485 812 1582 857 pag.
1620 795 1694 842 43.
1785 793 2056 851 Ceteroquin
2094 793 2271 839 mirum
2312 805 2393 850 est,

328 874 618 922 Eustathium
650 884 693 920 et
725 874 896 920 scholia
927 874 1109 920 minora
1136 875 1247 920 nihil
1278 874 1330 919 de
1356 871 1616 934 tamgravi
1649 870 1846 926 ἀθετήσω
1876 885 2165 928 memorare,
2219 872 2394 917 mirum

328 951 493 1006 etiam,
528 952 644 1009 quod
675 949 970 995 Aristarchus
1006 966 1262 1009 quanquam
1292 959 1453 995 totum·
1474 949 1654 1008 rejicit,
1687 958 1841 992 tamen
1867 949 1917 993 in
1945 950 2143 1016 singulos
2176 950 2395 1009 quosdam

328 1030 818 1073 locos.commentatus
851 1036 929 1069 est.
1019 1030 1085 1070 Ne
1115 1043 1226 1071 vero
1259 1027 1312 1070 de
1343 1027 1414 1071 his
1448 1042 1555 1070 eum
1589 1043 1717 1071 secus
1758 1028 1949 1071 sensisse
1981 1029 2245 1086 opinemur,
2302 1030 2395 1085 jam

330 1106 554 1150 Porsonus
588 1103 777 1148 monuit.
845 1102 995 1147 Schol.
1031 1104 1199 1147 Buttm.
1237 1102 1291 1147 ad
1323 1104 1429 1149 579.

389 1182 445 1227 V.
465 1180 570 1227 631.
606 1177 871 1224 Plutarchus
897 1176 1130 1224 Pisistrato
1161 1178 1335 1224 tribuit.
1369 1196 1411 1225 v.
1436 1179 1704 1225 Barnesium
1731 1178 1787 1225 ad
1806 1179 1848 1224 h.
1870 1180 1899 1225 l.
1936 1179 1995 1225 cf.
2010 1196 2145 1240 supra
2159 1180 2214 1228 ad
2230 1199 2271 1227 v.
2287 1180 2393 1228 325.

454 1257 727 1315 Priusquam
768 1253 823 1300 ad
857 1253 997 1298 finem
1035 1258 1277 1317 pergamus
1310 1255 1624 1319 hoc'dignum
1658 1272 1754 1302 esse
1791 1256 1993 1313 videtur,
2048 1258 2165 1317 quod
2205 1258 2261 1304 ad
2295 1260 2396 1304 reli-

329 1350 441 1393 qua,
488 1348 599 1393 quae
631 1332 754 1376 mira
785 1339 910 1387 sunt,
944 1330 1239 1390 adjiciamus,
1272 1334 1572 1395 Polygnotum
1605 1334 1651 1378 in
1684 1335 1832 1380 lesche
1860 1335 2104 1395 Delphica,
2139 1351 2248 1380 cum
2281 1345 2397 1380 cete-

330 1413 395 1457 ris
441 1418 600 1461 νεκυίας
642 1409 884 1467 multisque
928 1409 1031 1454 aliis
1078 1411 1281 1469 personis
1322 1411 1462 1455 etiam
1506 1411 1755 1471 Sisyphum
1806 1421 1850 1455 et
1883 1414 2121 1457 Tantalum
2163 1413 2394 1472 pinxisset,

331 1496 550 1546 quantum
594 1495 718 1530 certe
749 1485 990 1530 Pausanias
1021 1488 1090 1541 X,
1139 1502 1179 1531 c.
1212 1488 1277 1533 28
1304 1503 1396 1546 sqq.
1438 1488 1692 1532 memoriae
1737 1488 1956 1546 prodidit,
2017 1490 2229 1534 Herculis
2268 1500 2399 1549 atque

330 1565 496 1609 Minois
530 1563 717 1607 umbras
750 1562 894 1607 oculis
926 1555 1016 1607 non
1037 1566 1280 1622 objecisse.
1369 1565 1456 1610 Sed
1488 1575 1537 1608 ut
1570 1581 1625 1608 ex
1657 1565 1994 1621 additamentis,
2050 1582 2160 1624 quae
2193 1569 2397 1611 Homero

331 1640 577 1699 impertiit,
612 1648 842 1696 quantum-
862 1639 1045 1684 arbitrii
1069 1642 1158 1686 sibi
1191 1641 1474 1700 permiserit,
1508 1652 1712 1699 apparet,
1745 1642 1808 1687 ita
1834 1658 1889 1686 ex
1917 1643 2235 1687 omissionibus
2264 1644 2401 1688 dubia

331 1736 496 1780 augere
528 1717 647 1764 haud
677 1718 795 1762 licet.
863 1718 1133 1776 Ceteroquin
1165 1718 1218 1764 de
1249 1720 1448 1764 Hercule
1479 1719 1631 1764 minus
1664 1719 1840 1774 miror,
1887 1729 1936 1763 ut
1968 1719 2042 1776 qui
2074 1721 2292 1777 temporis
2327 1721 2397 1764 de-

332 1811 470 1843 cursu
504 1795 630 1841 coelo
663 1804 782 1841 totus
821 1794 961 1840 fuerit
994 1794 1204 1840 redditus.
1301 1795 1449 1841 Minos
1492 1809 1601 1840 vero
1637 1811 1774 1854 quam
1807 1794 2099 1841 commodam
2136 1796 2226 1840 arti
2258 1795 2397 1854 picto-

331 1874 428 1918 riae
461 1873 702 1919 materiem
736 1871 1034 1933 praebuisset,
1067 1871 1346 1936 intelligitur.
1414 1870 1699 1919 Credendum
1731 1856 1873 1934 igitur
1904 1880 1970 1918 est
1995 1871 2158 1918 iisdem
2190 1887 2296 1919 eum
2327 1887 2397 1920 ra-

330 1949 549 2006 tionibus,
594 1964 649 1992 ex
681 1958 778 1994 arte
811 1949 984 2009 petitis,
1038 1949 1198 2008 quibus
1238 1951 1436 1995 Plutonis
1468 1959 1512 1995 et
1544 1950 1839 2009 Proserpinae
1870 1950 2020 1995 sedem
2053 1950 2196 1995 oculis
2229 1949 2396 1994 invide-

300 2039 303 2042 ’
332 2028 420 2082 rit,
470 2027 524 2070 ab
559 2027 722 2083 judicis
755 2027 956 2087 imagine
988 2028 1288 2087 Polygnotum
1321 2028 1613 2082 abstinuisse,
1658 2028 1848 2071 fortasse
1882 2027 1997 2086 quod
2029 2027 2225 2070 nimium
2259 2026 2396 2070 actio·

331 2104 402 2155 nis
430 2100 483 2147 ht
515 2119 597 2160 pro
630 2089 906 2147 umbrarum
937 2103 1059 2146 tristi
1090 2103 1322 2148 domicilio
1355 2106 1595 2166 ingereret.

425 2179 680 2225 Audiamus
716 2196 828 2226 vero
859 2196 1018 2225 versus
1054 2190 1099 2225 et
1127 2181 1246 2239 ipsos
1275 2190 1371 2227 tam
1405 2182 1694 2226 vehementer
1725 2190 1971 2234 accusatos,
2007 2190 2163 2225 utrum
2201 2197 2395 2226 numero

331 2256 568 2303 defendere
607 2272 655 2302 se
695 2256 855 2312 velint,
913 2272 970 2301 an
1003 2272 1091 2301 non
1123 2258 1283 2302 saltem
1322 2260 1550 2320 catalogus
1585 2258 1833 2303 mulierum
1862 2255 2131 2302 Hesiodeam
2172 2257 2397 2315 quandam

331 2333 652 2397 negligentiam
667 2332 730 2388 ⁵⁸)
763 2334 971 2381 fateatur.
1016 2334 1165 2380 Habes
1198 2334 1322 2378 enim
1353 2335 1400 2380 in
1432 2336 1511 2379 vix
1543 2344 1725 2380 centum
1757 2349 1974 2379 versuum
2007 2333 2152 2393 spatio
2184 2335 2397 2380 undecim

266 2449 280 2462 .
332 2413 594 2471 spondaicos
628 2412 756 2469 (237,
790 2414 910 2469 241,
944 2414 1051 2466 252,
1085 2412 1200 2466 253,
1232 2411 1347 2466 261,
1380 2412 1488 2466 273,
1521 2412 1636 2467 279,
1669 2412 1786 2466 292,
1820 2412 1934 2466 295,
1968 2412 2078 2467 309,
2112 2412 2239 2467 326).
2304 2412 2396 2457 Ab-

334 2489 469 2534 undat
508 2489 629 2533 idem
670 2490 872 2534 caesuris
906 2488 1173 2543 trochaicis,
1222 2503 1415 2545 quarum
1443 2504 1532 2538 non
1566 2503 1722 2532 omnes
1761 2487 2041 2531 severiorem
2074 2488 2262 2546 Spohnii
2292 2504 2395 2533 nor-

333 2581 461 2611 mam
494 2566 726 2624 patiuntur
746 2565 834 2622 ⁵9),
869 2566 1041 2625 aliquae
1072 2575 1198 2610 certo
1231 2565 1435 2610 duriores
1468 2573 1591 2619 sunt,
1625 2573 1672 2608 ut
1699 2564 1817 2618 232,
1849 2563 1959 2619 237,
1992 2565 2107 2619 250,
2138 2565 2253 2619 269,
2286 2564 2392 2611 289.

331 2643 458 2699 Adde
491 2641 625 2700 quod=
646 2642 740 2688 237
761 2670 824 2676 --
848 2644 924 2689 39.
960 2644 1055 2687 sere
1097 2643 1151 2687 ab
1188 2642 1346 2686 eodem
1387 2642 1571 2701 rhytmo
1605 2642 1895 2687 incommode
1932 2642 2152 2699 incipiunt
2196 2651 2240 2685 et
2282 2651 2396 2686 cete-

333 2735 410 2767 ros
443 2720 581 2767 etiam
624 2721 893 2783 perlegentis
926 2736 1057 2766 aures
1090 2718 1389 2765 Homericam
1422 2719 1693 2765 suavitatem
1733 2719 1903 2779 passim
1935 2718 2207 2774 desiderant,
2270 2720 2397 2777 cujus

353 2831 418 2868 58)
463 2829 519 2865 Cf.
546 2830 730 2876 Spitzner.
755 2831 790 2866 in
813 2833 960 2867 dissert.
987 2833 1031 2867 de
1055 2832 1216 2876 product.
1241 2831 1337 2864 brev.
1363 2830 1495 2874 syllab.
1520 2836 1586 2864 etc.
1632 2840 1712 2874 pag.
1736 2830 1809 2864 230.

354 2889 418 2925 59)
462 2888 517 2920 cf.
542 2888 665 2932 Spohn
690 2891 714 2923 l.
740 2901 770 2922 c.
794 2901 874 2934 pag.
898 2892 972 2923 233.
1038 2890 1174 2922 Pendet
1198 2898 1283 2920 sane
1305 2889 1449 2920 multum
1473 2899 1519 2921 ex
1551 2889 1659 2932 primi
1684 2889 1786 2932 pedis
1810 2888 2101 2932 praeparatione,
2146 2894 2257 2920 tamen
2282 2888 2397 2928 pluri-

462 2956 550 2976 mum
575 2946 724 2979 rationis
750 2948 889 2980 videtur
913 2948 1108 2980 habendum
1131 2957 1211 2979 esse
1237 2946 1345 2978 totius
1368 2957 1514 2986 νει-ειη,
1539 2955 1577 2981 ut
1601 2947 1762 2980 universa
1784 2957 1886 2988 quam
1907 2947 2028 2980 dicunt
2051 2946 2232 2978 harmonia
2254 2946 2399 2977 exoria-

464 3008 518 3035 tus
544 3010 579 3036 et
604 3002 657 3036 rei
680 3003 939 3038 describendae
964 3003 999 3037 in
1024 3003 1122 3037 sonis
1146 3002 1355 3037 similitudo.
1850 2994 1860 3014 ⁸

1918 3047 1985 3092 3*
