2745 3262
1170 163 1241 171 -
1369 136 1405 190 3
1532 162 1601 171 .-

347 259 556 308 medium
596 260 843 306 Tartarum
885 256 941 302 ad
974 257 1268 318 Proserpinae
1311 263 1356 301 et
1394 257 1593 304 Plutonis
1628 258 1781 305 sedem
1814 260 2008 323 cogitari
2046 261 2263 321 debeant,
2322 271 2423 309 tum

345 339 537 399 denique
569 336 835 384 densissima
865 335 945 381 illa
977 335 1253 380 umbrarum
1282 331 1437 392 copia,
1483 350 1570 394 qua
1605 335 1713 382 litus
1745 347 1956 397 opertum
1986 347 2078 394 est,
2131 339 2276 385 oculis
2308 340 2422 385 invi-

345 416 547 463 deantur.
636 416 740 460 Huc
775 413 1014 470 referenda
1053 412 1235 460 Orionis
1273 411 1478 469 venatio,
1530 412 1700 461 Minois
1730 415 1976 474 judicium,
2032 415 2193 462 Thesei
2225 415 2422 472 vincula,

328 491 531 552 *Sisyphi
577 500 622 536 et
667 491 847 536 Tantali
886 490 1064 536 labores
1106 498 1150 535 et
1195 489 1284 534 alia
1324 502 1436 546 quae
1478 489 1636 536 omnia
1675 490 1884 551 deinceps
1929 493 2206 551 perlustrare
2247 486 2425 553 longius

346 569 632 629 procedentis
668 568 1059 633 examinantisqye
1089 567 1326 613 videantur
1351 562 1428 623 28).
1807 620 1817 624 -

496 649 679 693 Verum
725 647 864 692 etiam
909 647 958 691 in
998 656 1293 692 mortuorum
1340 645 1546 705 ipsorum
1586 644 1842 693 conditione
1885 657 1989 693 sunt
2017 656 2144 706 'quae
2185 636 2424 702 offendant,

344 740 626 784 quamquam
659 725 939 784 superfluum
972 723 1310 778 existimabitur
1342 731 1440 782 post
1472 721 1788 769 doctissimam
1804 723 2053 771 Voelckeri
2078 722 2425 783 explicationem

345 801 400 847 de
432 801 624 848 vocibus
656 801 746 848 illis
773 802 829 849 ad
861 801 982 849 hunc
1014 803 1154 847 finem
1186 798 1475 863 gravissimis
1507 803 1676 845 εἴδωλον
1705 808 1750 847 et
1776 799 1890 861 ψυχή
1928 800 2161 848 disserere.
2194 812 2197 814 ·
2228 801 2292 848 At
2322 816 2426 848 eam

346 877 653 938 suspicionem
700 893 790 923 non
830 893 1017 938 possum
1050 878 1157 938 quin
1203 876 1321 921 mihi
1368 885 1544 933 motam
1584 877 1828 934 confitear,
1885 891 2136 923 occurrere
2174 876 2223 921 in
2265 891 2426 921 earum

347 955 625 1001 umbrarum
658 955 983 1014 descriptione,
1038 971 1150 1013 quae
1184 956 1384 1000 arctiore
1421 969 1539 999 nexu
1574 969 1683 1000 cum
1719 953 1944 1014 Odysseae
1982 953 2138 1000 fabula
2168 953 2426 1009 cohaerent,

346 1033 479 1092 paulo
513 1031 745 1077 diversam
779 1049 805 1078 a
837 1033 1002 1078 ceteris
1035 1031 1401 1094 descriptionem.
1486 1031 1732 1092 Sisyphus,
1777 1032 2013 1088 Tantalus,
2040 1029 2220 1087 ,Ox-ion,
2261 1030 2425 1085 Minos,

347 1110 598 1165 Hercules,
642 1110 794 1167 quales
826 1119 927 1155 tum
960 1109 1216 1166 laboribus,
1250 1118 1351 1154 tum
1383 1107 1593 1167 operibus
1627 1107 1706 1153 alii
1740 1107 1874 1154 aliter
1903 1106 2111 1166 occupati
2142 1106 2426 1162 exhibentur,

348 1200 440 1231 non
466 1186 563 1231 sine
594 1201 817 1245 corporea
845 1187 1039 1247 quadam
1067 1185 1286 1232 firmitate
1316 1184 1510 1247 cogitari
1538 1194 1722 1245 possunt
1752 1200 1836 1230 nec
1868 1182 2141 1236 collocuturi
2168 1196 2279 1229 cum
2299 1183 2427 1232 Ulixe

348 1263 584 1323 sanguinis
616 1273 722 1322 potu
758 1263 981 1324 indigent,
1025 1272 1186 1308 contra
1217 1261 1448 1318 Anticlea,
1488 1262 1832 1323 Agamemnon,
1866 1261 2069 1308 Achilles
2095 1288 2159 1297 —
2189 1260 2427 1322 Elpenoris

351 1339 478 1385 enim
510 1339 645 1385 modo
678 1339 882 1385 defuncti
913 1348 958 1385 et
989 1338 1201 1385 Teresiae
1231 1337 1385 1384 divino
1417 1353 1608 1384 munere
1639 1338 1791 1385 donati
1823 1338 1935 1396 alia,
1983 1348 2033 1385 ut
2065 1346 2264 1396 constat,
2308 1339 2426 1386 ratio
2476 1383 2478 1385 ,

350 1427 418 1463 est
450 1445 513 1452 —
553 1434 638 1463 nec
679 1427 867 1463 externo
913 1426 1076 1462 ornatu
1113 1416 1235 1462 aucti
1276 1431 1360 1461 nec
1397 1415 1447 1461 in
1488 1429 1713 1474 quaquam
1754 1416 1932 1462 actione
1973 1417 2182 1478 occupati
2212 1431 2297 1464 nec
2330 1416 2428 1463 sine

350 1504 457 1553 potu
491 1494 546 1539 ad
578 1494 945 1556 cognoscendum
977 1494 1335 1552 loquentiumque
1374 1492 1520 1537 idonei
1564 1502 1790 1551 apparent.
1881 1493 1954 1538 Illi
1995 1493 2094 1539 fere
2133 1509 2223 1540 non
2262 1491 2428 1540 habent

350 1587 438 1616 cur
469 1572 623 1616 lucem
663 1571 917 1615 desiderent
948 1579 992 1614 et
1032 1570 1160 1628 quasi
1194 1570 1242 1615 in
1275 1585 1439 1615 orcum
1474 1570 1829 1626 transtulerunt,
1886 1569 2003 1629 quod
2039 1585 2200 1616 rerum
2237 1585 2427 1616 suarum

349 1664 462 1709 rogo
486 1647 810 1707 impositamm
842 1656 1162 1704 servaverunt,
1195 1647 1333 1707 quid?
1374 1646 1487 1691 nihil
1517 1645 1840 1704 philosophico,
1873 1654 1923 1691 ut
1955 1646 2020 1693 ita
2053 1647 2222 1703 dicam,
2256 1646 2426 1706 judicio

349 1723 779 1780 accommodatum,
835 1724 924 1769 nisi
959 1740 1122 1784 poenas
1166 1723 1390 1784 impietati
1420 1723 1607 1769 tuendas
1640 1737 1800 1782 easque
1832 1721 2048 1783 singulas,
2064 1732 2109 1770 et
2140 1738 2253 1784 quae
2284 1733 2427 1784 poste-

350 1801 531 1846 riorum
564 1809 827 1859 temporum
861 1802 1016 1861 copiae
1048 1802 1160 1846 nihil
1203 1801 1521 1859 respondeant,
1574 1792 1688 1859 prae
1713 1815 1761 1845 se
1792 1799 1969 1856 ferunt,
2018 1800 2068 1846 hi
2099 1801 2368 1862 diligentius*
2401 1816 2427 1846 a

348 1877 471 1923 vitae
506 1877 762 1922 conditione
795 1877 1047 1939 segregati,
1091 1877 1140 1921 in
1171 1876 1409 1922 tristitiam
1440 1877 1666 1933 demersi,
1699 1876 1756 1922 ab
1789 1877 1917 1923 omni
1948 1887 2076 1937 parte
2103 1878 2159 1924 ad
2192 1878 2427 1937 puriorem

352 1968 514 2000 rerum
554 1954 825 2000 ultimarum
861 1954 1122 2014 opininnem
1162 1953 1340 2013 depicti.
1432 1954 1504 1999 Illi
1544 1953 1748 2000 maxime
1791 1969 1818 2000 a
1848 1954 2079 2002 veteribus
2122 1954 2300 2001 criticis
2340 1954 2426 2000 im-

350 2030 536 2093 pugnati
550 2063 565 2086 ,
621 2030 698 2090 qui
732 2038 882 2076 totum
913 2033 1069 2077 locum
1101 2030 1382 2076 extrinsecus
1425 2019 1612 2077 allatum
1652 2041 1807 2078 notant
1828 2029 1918 2090 ²⁹),
1972 2031 2023 2077 hi
2062 2047 2292 2091 nunquam
2326 2031 2427 2078 sede

351 2122 434 2155 sua
466 2106 640 2154 celebri
671 2107 855 2154 turbati.
934 2108 1185 2168 Antiquam
1218 2107 1445 2167 quandam
1476 2108 1830 2170 descriptionem
1861 2117 1991 2170 puto,
2038 2108 2135 2155 sive
2167 2123 2219 2154 ea
2252 2107 2426 2164 rudior,

351 2186 449 2231 sive
479 2186 785 2248 negligentior
813 2185 979 2241 fuerit,
1024 2185 1073 2228 in
1106 2186 1249 2229 altera
1278 2194 1407 2243 parte
1431 2196 1686 2243 servatam,
1727 2187 1775 2231 in
1804 2189 1946 2232 altera
1974 2186 2133 2232 scitius
2164 2195 2209 2231 et
2240 2185 2425 2247 diligen-

351 2263 441 2307 tius
481 2263 536 2307 ab
569 2265 775 2307 Homero
810 2261 1061 2320 expositam
1099 2276 1206 2305 esse.
1287 2263 1341 2306 In
1383 2264 1583 2307 Hercule
1622 2279 1731 2308 vero
1746 2296 1761 2318 ,
1812 2263 1901 2308 nisi
1935 2263 2057 2308 forte
2090 2263 2426 2321 supposititium

350 2348 446 2394 est,
502 2338 547 2382 id
578 2339 620 2382 ei
653 2337 810 2383 deberi
838 2337 1042 2393 videtur,
1084 2337 1200 2395 quod
1238 2336 1293 2383 de
1322 2337 1513 2384 deorum
1545 2338 1687 2398 epulis
1723 2347 1892 2395 exstat,
1948 2337 2015 2385 ita
2044 2347 2094 2384 ut
2124 2337 2427 2384 veterrimam

350 2414 585 2471 fabulam,
614 2429 726 2472 quae
755 2414 1007 2473 Herculem
1035 2413 1174 2458 etiam
1202 2413 1257 2459 ad
1283 2414 1456 2460 inferos
1484 2414 1727 2471 detulerat,
1764 2429 1871 2460 suae
1899 2406 2058 2461 aetatis'
2085 2412 2294 2473 opinione
2325 2414 2426 2472 poe·-

351 2502 399 2537 ta
438 2490 696 2552 corrigeret
734 2499 779 2535 et
820 2490 995 2535 miram
1033 2489 1137 2535 inde
1178 2491 1488 2555 ambiguitatis
1530 2506 1690 2536 ansam
1730 2490 1978 2550 praeberet.
2073 2489 2201 2549 Quod
2239 2489 2428 2549 denique

350 2569 502 2616 Ulixes
517 2601 531 2625 ,
574 2582 716 2627 quum
747 2567 974 2626 amplexui
1001 2576 1152 2614 mater
1182 2568 1462 2626 elaberetur,
1510 2574 1676 2613 εἴδωλον
1705 2584 1734 2614 a
1764 2568 2032 2629 Proserpina
2062 2567 2152 2614 sihi
2179 2556 2427 2615 excitatum

353 2645 521 2701 credit,
554 2644 635 2690 ubi
667 2644 808 2690 sciret
838 2658 886 2688 se
919 2644 1034 2703 apud
1070 2645 1247 2692 animas
1280 2647 1484 2702 versari,
1519 2661 1631 2705 quae
1661 2645 1878 2708 sanguine
1909 2655 2089 2696 tantum
2124 2646 2284 2693 hausto
2318 2643 2427 2690 resi-

351 2723 600 2783 piscerent,
647 2721 769 2767 haud
796 2721 893 2768 scio
927 2738 984 2769 an
1017 2723 1102 2770 hcc
1134 2733 1284 2770 totum
1312 2724 1461 2784 potIus
1493 2723 1735 2783 stupentis,
1787 2723 1942 2771 dolore
1968 2724 2018 2770 in
2049 2723 2327 2771 oblivionem
2357 2721 2428 2767 de-

370 2866 436 2904 28)
478 2862 618 2940 §linge
641 2861 697 2896 his
729 2863 837 2897 rebus
870 2864 1148 2898 scholiistarum
1169 2864 1391 2923 mirationem
1419 2865 1463 2901 ad
1491 2867 1555 2902 385
1579 2866 1690 2910 vulg.
1733 2866 1809 2902 57⁰.
1832 2867 1873 2903 Q.
1916 2866 1994 2901 5⁷7.
2019 2864 2060 2900 Q.
2103 2863 2178 2900 59³.
2203 2863 2245 2898 Ο.
2287 2861 2362 2898 62⁴.
2384 2861 2428 2897 Q·

371 2966 434 3005 29)
480 2976 511 2998 v.
535 2962 660 2997 Schol.
685 2963 822 3006 Harlej.
846 2965 890 2999 ad
914 2976 945 2999 v.
970 2968 1034 3002 568
1057 2975 1094 3001 et
1114 2966 1217 3001 infra.
