2745 3262
1176 176 1247 186 ..-
1376 149 1418 204 3
1535 174 1605 184 ..-

356 285 441 330 bus
471 281 675 329 cohibiti.
754 275 1337 337 Quodsqnmmzaabzaebmm
1358 272 1590 321 mente-nia
1623 271 1878 331 plurimum
1911 270 2119 328 differat,
2160 272 2238 331 qui
2269 287 2325 316 ex
2353 287 2427 317 ve-

354 369 522 412 texumg
540 357 827 403 earminum‹
847 347 1338 415 fragmentisusensini·
1361 361 1516 396 totam·
1529 347 1785 410 odyssean
1824 350 2066 395 conflatam
2094 364 2192 395 esse
2230 359 2426 406 censent,

353 445 515 481 tamen
547 429 782 480 nomm-20
816 432 1040 492 reposui,⁴
1083 427 1563 482 ut-ssrhqe-,locolatius'
1582 423 1908 485 persequerer,
1967 426 2043 470 sed
2079 424 2429 487 significandum

354 511 500 567 erati.
519 513 647 570 φρομ
671 506 884 568 quantiae
926 510 1169 555 undecimo
1210 500 1585 568 Odysseae—subn&
1617 504 1907 562 conjecturas
1938 517 2107 559 essem,
2161 503 2426 549 referretur.

352 587 489 633 Hand
519 587 646 632 enim
677 583 829 642 scio,
827 583 909 631 ἐἰς
937 587 1003 631 in
1012 581 1104 631 illa
1123 583 1363 644 rhapsodia
1387 583 1559 628 multa
1573 581 1716 636 sint,
1737 580 1898 638 quibus
1931 580 2074 638 qualis
2107 582 2246 626 fuerit
2272 584 2430 641 poetae

276 697 279 699 -
354 663 487 711 labor
502 695 516 718 ‚
582 663 739 721 qualis
762 658 1081 736 interpolatio,
1149 657 1298 719 qualis
1340 656 1530 735 denique
1564 658 1769 702 universi
1809 666 1967 702 cantus
2010 658 2250 702 Homerici
2294 658 2427 714 ratio,

355 739 584 798 probabili
613 741 879 797 conjectura
905 735 1123 800 augurari
1150 738 1298 782 liceat.

443 817 586 863 Jam
605 832 730 862 πετο
758 826 958 876 spectant
990 831 1104 875 quae
1147 814 1268 859 illius
1300 812 1409 858 libri
1442 810 1524 857 sub
1556 818 1713 863 νεκυίας
1747 810 1878 856 titulo
1908 810 2123 857 divenditi
2153 821 2198 858 et
2223 812 2427 859 miratio-

357 908 464 939 nem
489 902 534 938 et
561 908 751 939 examen
783 890 1002 951 excitant,
1036 893 1205 954 partim
1235 891 1289 937 ad
1321 889 1567 936 universae
1585 890 1739 950 sylvae
1754 921 1767 944 ,
1802 903 1886 948 qua
1916 904 2024 933 cum
2056 888 2231 948 reliquo
2258 889 2427 934 carmi-

356 986 413 1015 ne
442 970 678 1026 cohaeret,
709 971 1048 1030 dispositionem
1065 1003 1079 1026 ,
1120 964 1289 1029 partim
1318 969 1372 1013 ad
1403 967 1688 1028 singularum
1719 981 1900 1021 rerum,
1951 980 2063 1024 quae
2092 966 2426 1022 describuntur,

357 1047 626 1102 rationem,
665 1050 835 1108 partim
875 1048 1064 1107 denique
1106 1046 1162 1093 ad
1197 1060 1416 1106 magnum
1456 1053 1501 1089 et
1533 1058 1750 1088 versuum
1782 1051 1828 1086 et
1870 1042 2123 1087 verborum
2163 1059 2425 1099 numerum,

357 1140 471 1182 quae
502 1125 558 1170 ab
591 1125 691 1170 aliis
723 1120 1005 1184 impnobata,
1069 1123 1124 1170 ab
1157 1124 1258 1168 aliis
1294 1120 1550 1185 addubitata
1584 1120 1970 1179 deprehendimus.
2047 1121 2224 1177 Ulixes,
2266 1122 2429 1167 Circae

356 1216 517 1256 suasu,
569 1201 797 1246 Tiresiam
835 1201 891 1245 de
918 1200 1066 1245 reditu
1099 1208 1310 1261 rogatum
1344 1198 1402 1244 ad
1434 1198 1607 1242 inferos
1639 1198 1887 1254 demissus,
1938 1214 2053 1244 nave
2085 1200 2266 1258 appulsa
2298 1209 2429 1258 atque

356 1277 501 1322 sacris
529 1277 662 1322 factis
682 1276 896 1335 Elpenori
923 1276 1127 1334 precanti
1154 1275 1385 1334 exsequias
1415 1274 1733 1332 sposponderat
1765 1283 1810 1319 et
1840 1284 1938 1333 post
1961 1277 2151 1336 longum
2178 1291 2286 1320 cum
2302 1277 2427 1320 Tire-

357 1353 427 1400 sia
453 1362 498 1398 et
523 1361 673 1399 matre
700 1351 1002 1412 colloquium,
1030 1351 1214 1397 bibendi
1239 1351 1368 1412 copia
1396 1346 1682 1409 facta‚‘quae
1706 1350 1856 1412 gladio
1885 1351 2112 1397 cohibitae
2146 1345 2427 1409 adstiterant,

358 1431 609 1476 mulierum
631 1428 812 1474 umbris
844 1444 979 1474 aures
1005 1427 1274 1488 praebuerat
1301 1429 1355 1473 de
1380 1442 1429 1473 se
1460 1427 1837 1486 praedicantibus,
1867 1444 1953 1487 quo
1981 1431 2121 1474 relato
2150 1445 2290 1489 quum
2324 1447 2427 1476 nar-

359 1509 489 1555 randi
511 1510 621 1554 fines
649 1507 853 1553 facturus
875 1516 958 1562 est,
988 1505 1044 1552 ab
1069 1506 1262 1552 Alcinoo
1291 1506 1345 1551 de
1371 1506 1762 1552 commilitonibus
1789 1516 1976 1567 rogante
1999 1508 2053 1552 ad
2073 1509 2428 1554 continuandum

358 1584 589 1639 invitatus,
618 1599 728 1642 quos
738 1582 926 1641 Troiani
948 1582 1056 1627 belli
1076 1582 1235 1628 heroes
1253 1583 1373 1641 apud
1397 1584 1568 1629 inferos
1590 1584 1877 1629 sermonibus
1906 1584 2146 1642 exceperit,
2177 1600 2284 1643 quos
2301 1602 2427 1644 prae-

358 1671 483 1708 terea
520 1661 780 1721 priscorum
799 1670 1073 1720 >temporum
1106 1669 1207 1705 tum
1245 1659 1495 1705 celebratos
1538 1668 1637 1704 tum
1672 1660 1850 1718 punitos
1888 1660 2096 1706 homines
2129 1664 2427 1721 conspexerit,

360 1753 496 1798 quem
518 1737 706 1797 denique
729 1738 785 1782 ad
803 1738 992 1783 modum
1013 1738 1184 1782 timore
1201 1736 1429 1781 Medusaei
1457 1736 1618 1796 capitis
1640 1745 1878 1796 correptus
1902 1737 1958 1781 ad
1983 1752 2146 1782 navem
2169 1738 2311 1784 redux
2335 1740 2428 1785 fac-

358 1825 431 1861 tus
459 1815 534 1869 sit,
568 1823 784 1859 recenset.
844 1815 966 1871 Quae
994 1814 1177 1873 quidem
1205 1813 1360 1858 omnia
1384 1829 1658 1873 quamquam
1687 1814 1864 1875 integro
1890 1816 2048 1861 ordine
2075 1817 2337 1876 procedunt,
2365 1827 2429 1863 ta-

359 1907 467 1937 men
497 1891 664 1937 habent
694 1906 781 1949 quo
815 1891 1050 1937 offendant.
1134 1891 1242 1948 Quis
1270 1891 1393 1935 enim
1423 1900 1511 1946 est,
1553 1891 1629 1949 qui
1656 1906 1746 1935 non
1776 1892 1968 1937 miratus
2001 1893 2086 1949 sit,
2135 1894 2252 1953 quod
2279 1895 2429 1942 Ulixes

359 1979 493 2016 nocte
539 1968 777 2030 ingruente
824 1968 1079 2014 narrationi
1123 1968 1179 2013 ad
1215 1967 1482 2013 dimidium·
1505 1968 1602 2013 fere
1639 1978 1875 2027 promotae
1920 1960 1985 2015 ita
2026 1970 2165 2016 finem
2210 1971 2427 2030 imponat,

360 2055 411 2092 ut
438 2061 528 2092 non
557 2054 653 2092 tam
681 2045 1089 2102 ‹le-continuando,
1123 2060 1259 2105 quam
1287 2044 1341 2090 de
1371 2060 1418 2090 se
1445 2044 1493 2088 in
1526 2044 1720 2103 patriam
1752 2044 2018 2092 dimittendo
2053 2057 2243 2093 moneat.
2310 2049 2429 2094 Nam

326 2135 330 2138 ⁴
359 2123 441 2167 vix¹
469 2122 736 2182 exspectari·
751 2120 1201 2181 possessdicass‘quod,
1233 2121 1465 2166 donee<ad
1492 2121 1760 2180 hospitalem
1789 2121 2043 2167 Phaeacum
2071 2132 2245 2170 terram
2272 2141 2427 2185 perve-

361 2199 506 2255 nerit,
539 2199 851 2298 denari-antis
867 2196 1077 2258 'superest
1108 2196 1346 2244 erroribus
1355 2193 1386 2254 ,³
1403 2201 1544 2257 quum·
1566 2199 1644 2243 *ita*
1665 2192 1873 2257 peroret:

726 2289 935 2332 παμπη-
947 2280 991 2319 ae
1019 2281 1158 2327 θεοῖς,
1181 2276 1295 2332 ’ὑμῑὶί
1302 2278 1381 2326 lte,
1404 2276 1574 2332 palamst
1609 2277 1672 2331 (v.
1705 2277 1839 2331 331.)

361 2362 405 2399 et
426 2351 645 2399 Alcinous
667 2312 883 2443 precibus
890 2351 958 2397 id
958 2352 1138 2412 'assequi
1148 2353 1365 2409 studeat,
1379 2354 1428 2397 ut
1439 2353 1498 2399 ad
1520 2361 1775 2412 sequentem
1800 2353 1921 2399 diem
1938 2364 2120 2402 maneat
2143 2358 2206 2414 (v.
2222 2358 2316 2406 349
2331 2363 2427 2419 sq..)

360 2430 424 2475 At
442 2444 553 2475 vero
571 2428 719 2476 νόστον
735 2417 966 2484 πολέκηδέα
989 2429 1026 2485 ⁷)
1042 2444 1090 2475 se
1108 2430 1359 2475 relaturum
1378 2429 1603 2488 pollicitus
1621 2439 1731 2486 erat,
1763 2439 1810 2475 ut
1830 2431 1980 2479 media
2002 2433 2130 2492 quasi
2153 2451 2204 2480 re
2222 2435 2430 2483 subsiste-

363 2522 415 2552 re
443 2507 490 2550 in
519 2507 673 2552 animo
695 2522 784 2551 non
803 2516 938 2552 esset
998 2509 1115 2551 Num
1140 2506 1315 2552 scilicet
1336 2506 1557 2551 Phaeaces
1581 2506 1806 2552 audientes
1833 2508 1942 2554 satis
1972 2509 2061 2554 sibi
2086 2510 2358 2569 habuissent,
2391 2515 2431 2559 si

362 2592 463 2628 tum
481 2583 683 2629 Tiresiae
702 2583 935 2638 vaticinio,
954 2592 1063 2643 utum
1081 2583 1203 2642 inopi
1219 2583 1366 2630 Ulixis·
1385 2583 1499 2643 apud
1521 2599 1568 2629 se
1591 2584 1783 2630 adventu
1804 2601 1986 2632 summa
2007 2587 2186 2645 quidem
2208 2590 2431 2637 nobilissi-

364 2674 565 2705 morumv
579 2656 784 2704 fatorum
806 2658 1026 2718 cupiditas
1050 2660 1258 2716 excitata,
1287 2661 1393 2720 quid
1415 2670 1514 2719 post
1534 2661 1707 2706 inferos
1730 2661 1873 2708 aditos
1893 2665 2144 2721 accidisset,
2171 2668 2334 2725 quibus
2355 2686 2431 2716 no-

362 2751 473 2782 vam
500 2750 717 2780 errorum
740 2736 866 2792 quasi
894 2736 1136 2781 materiem
1164 2737 1523 2796 praeformatam
1549 2736 1865 2798 intelligerent,
1894 2740 2012 2785 haud
2034 2741 2263 2800 adjectum
2286 2751 2431 2794 esset?

364 2814 464 2858 Non
480 2805 632 2857 minus
652 2820 804 2857 tamen
822 2810 869 2855 in
894 2827 945 2857 eo
968 2811 1182 2871 haese‘ris,
1215 2814 1344 2874 quod,
1368 2814 1407 2860 si
1427 2831 1513 2874 qua
1532 2815 1588 2862 ad
1599 2831 1718 2863 nova
1739 2816 1952 2863 redeundi
1968 2820 2209 2868 conamina
2225 2824 2431 2869 accincto

408 2968 447 3005 7)
493 2937 561 3001 Cf.v
577 2967 645 3001 Od.
668 2967 744 3009 IX,
767 2969 819 3004 39.

1953 3053 2019 3098 1*
