2745 3262
1151 129 1582 186 ...12-

331 257 608 314 contuleris,
641 258 827 302 Castore
859 264 992 314 atque
1022 256 1203 301 Polluce
1222 253 1344 301 'istic'
1370 256 1645 317 simpliciter
1673 256 1759 302 sub
1790 264 1916 303 terra
1946 257 2200 314 collocatis,
2232 254 2319 302 hiov
2335 252 2403 301 τ’»

332 334 409 380 vis'
437 345 567 395 atque
599 334 675 394 qui
706 334 896 396 singulis
929 334 1086 381 diebus
1117 331 1390 387 intermissis
1430 350 1487 380 ex
1515 330 1668 380 morte
1688 330 1775 383 'ad-
1798 330 2007 381 De'orum
2042 333 2266 379 honorem
2284 329 2401 379 und&
2473 370 2478 371 γ

332 419 451 468 eant,
483 411 599 457 unde
632 411 773 457 etiam
804 411 1000 459 heroum
1027 411 1216 471 quidam.
1235 408 1399 468 cultus,
1432 408 1481 457 in
1499 407 1706 458 Homero
1738 406 1915 470 dubius,
1947 409 2171 472 emergiu·
2201 409 2407 455 reon-ut

326 489 524 547 denique.
547 492 740 548 quantas*
768 490 866 548 jam
897 488 1151 551 tragoedias
1181 487 1235 533 de
1271 487 1482 534 versibus
1515 488 1616 534 istis
1643 488 1707 535 adv
1731 487 1967 537 Bacchum
1993 480 2406 547 atquess'Ariadnam

325 566 653 626 pertinentibus
684 583 728 613 v.
766 567 860 614 323
895 575 940 612 et
972 566 1080 613 324.
1113 563 1413 612 excitaverint
1445 565 1539 612 viri
1580 564 1717 611 docti.
1794 564 2020 611 Dubitare
2050 558 2130 611 vi'x
2143 583 2146 586 ·
2160 557 2267 611 licet
2294 562 2405 623 quin

325 642 479 701 aliqua
510 643 783 704 Dionysiaci
816 643 963 688 cultus
996 641 1123 688 fama
1155 642 1212 687 ad
1240 640 1501 689 Homerum
1533 643 1705 701 perlata
1737 639 1892 698 fixerit,
1923 637 2137 701 quamvis
2160 634 2404 686 Graeciam

331 720 530 779 Trojano
547 724 773 779 'tempore
812 735 902 765 non
937 720 1033 778 jam
1069 718 1288 764 invaserit
1318 734 1402 765 nec
1439 716 1719 779 assequaris,
1785 718 1972 779 quinam
2007 718 2174 764 initiati
2216 713 2402 774 fuerint,

330 795 412 842 ubi
440 801 497 842 n‘e
529 801 659 842 'vetus
687 795 870 855 quidem
898 795 1115 856 sapientia
1145 805 1190 842 et
1216 811 1273 841 ne
1300 795 1457 856 poetae
1478 797 1668 861 quidem
1691 797 1896 857 liquet-eti
1940 792 2092 844 Tanto
2115 795 2268 846 minus
2287 791 2404 840 didos

331 872 534 919 habenda
566 881 634 917 est
660 871 914 918 narrationi
943 887 1056 932 quae
1078 874 1231 918 Deum
1258 872 1392 919 illum
1421 874 1469 919 in
1500 883 1705 920 veterem
1733 869 1834 921 tum
1861 870 2130 935 cujusquam
2157 867 2404 934 populiifhis

331 950 526 995 storiam
549 950 730 994 illatum
752 949 913 1005 habet,
947 965 1222 1009 quamquam
1248 950 1488 996 intercedit
1503 951 1750 998 Voelckeri
1773 946 2042 1008 auctoritas,
2072 947 2319 996 Herodiani
2350 948 2404 993 de

330 1027 417 1073 hoc
439 1029 541 1073 loco
563 1027 699 1073 dubia
718 1027 1018 1086 improbantis
1030 1028 1107 1084 ⁴⁰).
1149 1028 1272 1085 Quae
1291 1043 1432 1087 quum
1448 1028 1512 1073 ita
1530 1027 1634 1083 sint,
1662 1036 1803 1073 restat
1813 1036 1865 1073 ut
1882 1042 2025 1087 pauca
2046 1027 2100 1071 de
2117 1021 2234 1071 noim
2249 1025 2403 1071 videa·-

330 1118 448 1149 mus.
500 1105 656 1148 Nonne
675 1103 801 1148 enim
824 1103 880 1149 ad
902 1104 1223 1163 suspicandum
1247 1105 1513 1162 invitamur,
1547 1107 1675 1165 plane
1695 1120 1865 1151 novam
1885 1103 2049 1149 inferri
2072 1097 2401 1162 narrationem,

330 1182 460 1239 cujus
479 1183 602 1226 nulla
622 1197 732 1227 cum
752 1182 1115 1227 antecedentibus
1134 1183 1252 1228 ratio
1272 1182 1345 1238 sit,
1371 1182 1409 1228 si
1423 1198 1543 1228 nunc
1557 1182 1744 1234 demum
1764 1198 1820 1227 ex
1836 1182 1933 1242 ipso
1949 1181 2079 1228 Ulixe
2094 1181 2142 1226 id
2158 1181 2402 1227 eonsilium

329 1257 590 1316 profectum
621 1274 717 1304 esse
749 1259 981 1316 audimus,
1015 1260 1132 1319 quod
1161 1260 1327 1306 diserte
1360 1260 1517 1306 datum
1543 1268 1643 1305 erat
1671 1275 1702 1305 a
1734 1252 1934 1316 Tiresia,
1978 1249 2252 1316 mulierum,
2293 1274 2402 1319 quas

330 1335 621 1394 percunctari
652 1337 813 1392 nollet,
851 1336 1000 1399 gladio
1029 1338 1343 1383 arcendamm
1352 1335 1454 1393 ⁴¹)‘l
1517 1337 1712 1383 Deinde
1709 1354 1764 1383 v.
1793 1337 1902 1383 224.
1935 1336 2072 1381 illud·
2083 1366 2085 1368 »
2113 1343 2157 1380 αἱ
2189 1340 2240 1380 δὲ
2263 1342 2419 1392 ,ψαῦ’

327 1429 392 1464 neg
419 1412 585 1464 ἤλυθον
616 1419 713 1458 tam
740 1412 994 1473 improviso
1023 1412 1185 1461 incidit
1216 1423 1347 1475 atque
1376 1412 1626 1460 mulierum
1654 1422 1818 1474 partes,
1851 1411 1979 1473 quasi
1992 1402 2212 1474 §.cognitae
2234 1405 2400 1469 essent,

327 1490 393 1535 ita
424 1492 687 1549 profitetur,
719 1501 770 1537 ut
800 1507 892 1537 non
923 1507 1052 1538 secus
1086 1492 1354 1552 persuadere
1386 1492 1502 1537 mihi
1533 1491 1729 1551 possim,
1777 1506 1914 1552 quam
1949 1481 2182 1552 adspersos
2215 1506 2311 1536 esse
2343 1488 2400 1536 ab

328 1568 510 1626 eodem,
558 1569 635 1630 qui
668 1570 920 1615 mulierum
950 1572 1209 1632 catalogum
1241 1570 1507 1626 inseruerit,
1565 1584 1644 1614 sex
1671 1569 1773 1615 illos
1805 1583 1986 1626 versus,
2036 1567 2124 1620 (36
2146 1595 2209 1602 -
2229 1568 2318 1624 42)
2350 1566 2399 1612 in

328 1652 597 1704 προέκθεσιν,
633 1656 684 1691 ut
715 1647 894 1702 dicunt5
918 1648 1218 1705 praemissos,
1251 1648 1328 1706 qui
1358 1657 1618 1692 constanter
1646 1663 1674 1692 a
1698 1646 1929 1691 veteribus
1962 1639 2235 1704 rejiciuntur
2255 1645 2323 1705 ⁴²)
2356 1655 2400 1690 et

330 1722 434 1782 quia
466 1723 744 1770 narrationis
775 1724 945 1770 seriem
976 1713 1311 1784 inter-rumpant
1342 1723 1569 1770 maturius
1598 1722 1713 1769 illati
1743 1732 1788 1768 et
1820 1722 1925 1782 quia
1956 1739 1983 1769 a
1996 1720 2196 1782 reliqua
2214 1721 2401 1768 umbra·

329 1808 439 1845 rum
471 1801 773 1862 descriptione
812 1801 1035 1848 recedant.
1129 1802 1253 1859 Quae
1290 1817 1578 1862 quamquam
1602 1802 1760 1865 negari
1795 1816 1886 1847 non
1916 1810 2121 1862 possunt,
2173 1809 2329 1847 tamen
2358 1799 2399 1846 si

330 1892 442 1923 cum
471 1880 675 1939 catalogo
708 1880 1057 1938 comparantur,
1092 1894 1179 1924 cur
1205 1879 1376 1924 inventi
1411 1874 1612 1935 fuerint,
1646 1880 1754 1924 luce·
1768 1879 1945 1924 clarius
1978 1869 2160 1938 apparet
2186 1878 2315 1937 eique
2341 1877 2398 1924 ab

329 1955 459 2001 omni
489 1964 618 2015 parte
654 1956 948 2015 respondent3
1012 1955 1130 2013 quod
1168 1971 1279 2000 vero
1311 1971 1402 2001 non
1441 1959 1561 2003 male
1606 1958 1682 2002 ille
1713 1971 1823 2002 cum
1854 1956 1996 2003 Ulixis
2035 1955 2320 2015 peroratione
2352 1971 2396 2000 v.

327 2033 433 2080 327.
465 2031 701 2088 cohaeret,
730 2047 817 2091 per
847 2047 897 2077 se
922 2033 1021 2091 plus
1053 2032 1177 2078 dubii
1210 2033 1377 2079 excitat
1407 2048 1543 2091 quam
1576 2032 1933 2093 approbationis,
1979 2032 2192 2091 quoniam
2222 2023 2298 2077 hic
2332 2041 2397 2077 to-
2444 2083 2449 2086 ,

325 2118 396 2155 tus
429 2108 795 2155 interlocutionis
817 2109 928 2155 ordo
958 2109 1169 2156 laborare
1200 2109 1448 2156 credendus
1474 2119 1553 2156 est.
1599 2109 1727 2156 Adde
1754 2108 1869 2170 quod
1901 2109 1999 2155 fere
2028 2109 2150 2155 tritis
2188 2108 2397 2156 versibus

326 2186 474 2232 factus
507 2196 574 2232 est
600 2195 932 2247 transgressus,
971 2202 1081 2245 quos
1107 2188 1281 2246 saepius
1314 2189 1525 2247 repetitos
1558 2188 1817 2232 invenimus
1852 2196 1903 2231 ut
1938 2187 1982 2231 h.
2014 2188 2044 2231 l.
2078 2203 2120 2231 v.
2150 2187 2256 2233 516.
2285 2186 2393 2235 372.

325 2264 428 2321 XV,
438 2264 531 2311 393
547 2261 621 2322 ⁴³).
688 2262 777 2309 Ubi
808 2273 963 2310 autem
994 2263 1253 2309 inferorum
1285 2264 1527 2323 descriptio
1558 2265 1701 2310 denuo
1736 2263 1792 2309 ab
1814 2264 1943 2309 Ulixe
1973 2264 2198 2322 excipitur
2229 2281 2270 2309 v.
2285 2263 2393 2311 374.

326 2340 439 2386 illud
472 2340 604 2401 αὐτὰρ
636 2346 720 2388 ἐπεὶ
735 2340 886 2406 ἱψυχὰς
917 2339 1015 2387 sine
1059 2340 1251 2397 damno,
1309 2340 1416 2399 quin
1448 2341 1588 2387 etiam
1618 2341 1758 2387 satius
1790 2341 1982 2398 deesset,
2035 2351 2086 2387 ut
2116 2338 2226 2396 ἦλθε
2257 2340 2290 2388 δ’
2332 2346 2397 2388 ἐπὶ

326 2418 437 2478 ψυχὴ
451 2451 463 2470 ,
515 2418 564 2463 id
595 2418 711 2477 quod
742 2418 790 2465 in
822 2418 988 2464 ceteris
1023 2418 1240 2478 exemplis
1273 2416 1448 2463 factum
1484 2417 1714 2473 videmus,
1774 2416 1871 2464 sine
1901 2418 2083 2477 prodosi
2114 2419 2270 2465 statim
2297 2429 2396 2479 post

327 2495 549 2552 ἀγορεῦσαι
576 2510 621 2540 v.
649 2494 755 2541 370.
786 2503 1060 2554 sequeretur.
1128 2494 1236 2552 Quis
1269 2503 1501 2554 praeterea
1539 2510 1629 2539 non
1668 2495 1878 2558 intelligit
1912 2496 2106 2559 catalogi
2136 2498 2315 2556 poe'tam
2348 2496 2394 2541 in

326 2572 604 2619 umbrarum
637 2573 938 2631 descriptione
971 2574 1115 2618 multo
1148 2572 1268 2617 aliud
1300 2571 1387 2618 sibi
1419 2570 1727 2630 proposuisse,
1770 2586 1906 2630 quam
1940 2572 2222 2631 quiceteras
2253 2574 2393 2618 intro·

345 2714 413 2751 ⁴0)
457 2714 551 2746 Mus.
575 2714 689 2746 Rhen.
714 2713 809 2747 1832.
835 2712 921 2746 vol.
946 2713 995 2745 11.

345 2772 409 2811 41)
454 2782 486 2805 v.
509 2771 584 2806 228.

345 2830 409 2866 42)
453 2842 484 2863 v.
510 2830 674 2863 Eustath.
697 2835 734 2862 et
755 2829 871 2861 schol.
893 2827 977 2861 nin.
1001 2828 1044 2860 ad
1070 2839 1101 2861 v.
1123 2830 1166 2862 37
1189 2839 1265 2871 sqq.

347 2889 409 2928 ⁴3)
453 2888 507 2922 Cs.
531 2886 756 2922 Nitzschium
782 2888 807 2920 1.
831 2897 861 2921 c.
883 2898 918 2930 p.
942 2886 1119 2921 XLVIII.
1150 2887 1210 2928 qui
1234 2888 1405 2929 ejusmodi
1437 2888 1674 2933 repetitiones
1704 2889 1828 2923 multis
1851 2888 2000 2922 Homeri
2022 2888 2115 2923 locis
2146 2887 2394 2933 interpolatio-

454 2957 531 2979 nem
553 2945 712 2978 indicare
735 2944 823 2977 dicit
845 2952 951 2986 atque
971 2945 1015 2977 ad
1039 2945 1286 2979 conserendam
1310 2946 1459 2979 Iliadem
1481 2946 1549 2986 XI,
1572 2947 1687 2980 664—
1702 2946 1775 2981 762.
1801 2946 1940 2982 invitat.
