2745 3262
1133 90 1563 145 -22-

311 236 420 280 quas
453 220 637 266 exhibui
670 220 929 265 arctissime
964 220 1180 264 omnium
1215 233 1323 264 cum
1348 216 1462 263 tota·
1495 216 1648 263 fabula
1690 216 1956 275 conjunctae
1995 227 2111 263 sunt.
2156 250 2158 252 ψ
2203 218 2387 265 Etenim

311 299 515 345 Tiresiae
543 297 758 356 sapientia
785 294 1007 358 vagatum
1036 293 1094 343 ad
1123 296 1294 341 inferos
1326 294 1597 350 devocante,
1631 294 1919 352 Elpenorvad
1940 291 2145 351 errores,
2177 296 2388 341 Anticlea

313 377 370 422 ad
392 376 636 428 familiam,
666 372 828 420 herces
855 375 909 420 ad
931 373 1280 420 contubernium
1290 368 1542 429 Troianum
1556 369 1763 415 redeunti
1804 371 2006 419 Eandem
2026 368 2204 429 partem
2219 387 2275 416 ex
2293 374 2388 430 ejus

312 453 491 513 ingenio
511 446 732 512 prodiisse
753 453 830 510 qui
855 452 1121 497 universum
1146 465 1335 496 carmen
1358 446 1625 504 condiderit,
1647 464 1759 493 cum
1783 446 1922 495 nexus
1944 460 2053 496 tum·
2076 448 2389 509 descriptionis

312 529 545 592 diligentia
564 528 814 589 persuadet.
848 528 968 573 Tum
985 543 1101 573 nexu
1126 533 1293 582 tamen,
1308 526 1456 585 utqui
1481 541 1570 573 non
1589 521 1967 583 sit'necessarius,
1989 536 2090 571 tum
2113 526 2388 573 tota-infero-

313 623 422 652 rum
436 607 675 653 insolentia
690 609 871 666 poetam
881 614 1085 650 veterem
1099 613 1284 650 cantum
1301 600 1540 663 sequutum
1556 617 1653 647 esse
1668 601 1925 653 edocemuu
1962 603 2048 660 Qui
2061 613 2219 649 cantus
2234 618 2388 663 quam·

314 698 453 743 quam
482 683 816 742 colloquiorum
839 692 937 728 arte
954 682 1154 727 sublatus
1182 691 1271 737 est,
1306 691 1458 726 tamen
1484 681 1532 726 in
1557 679 1774 725 vaticinio
1801 680 2007 726 aTiresia
2036 679 2154 726 edito
2184 678 2389 740 suppetit,

314 762 472 807 forsan
492 776 599 805 cum
613 760 693 805 Od.
707 761 786 815 IV,
798 760 906 806 561.
925 758 1270 817 comparandus,
1300 760 1680 803 Demonstratum
1704 758 1843 803 etiam
1860 768 1942 814 est,
1971 758 2252 803 feminarum
2271 768 2389 803 cata·

315 840 473 900 logum
495 836 739 882 recentiori
760 835 914 880 deberi
935 852 1089 891 curae,
1121 851 1399 895 quamquam
1421 852 1523 881 eam
1543 844 1646 881 ante
1665 834 1953 896 cyclicorum
1977 844 2171 881 aetatem
2191 835 2391 880 extitisse

315 931 370 960 ex
387 914 630 960 Pausaniae
646 913 989 974 significatione,
1019 929 1045 958 a
1058 912 1289 958 Nitzschio
1307 930 1450 973 nuper
1463 913 1823 975 ingeniosissime
1838 915 2082 970 enucleata,
2098 912 2388 973 sequiturffi)‚

317 994 462 1039 multo
492 1007 604 1038 vero
638 992 736 1051 plus
777 990 1052 1036 difficultatis
1092 990 1226 1037 habet
1269 990 1311 1036 di
1466 990 1507 1036 'o
1551 990 1605 1035 de
1638 1000 1842 1035 extremo
1875 990 2148 1037 umbrarum
2180 1006 2389 1047 numero,

317 1071 496 1126 Minoe,
531 1069 724 1124 Orione,
763 1068 920 1128 Tityo,
961 1069 1180 1131 Tantalo,
1213 1069 1318 1129 Sisy
1483 1071 1728 1114 stHercule.
1818 1070 2014 1129 Sejungo
2042 1069 2248 1127 primum
2276 1071 2391 1113 Her-

319 1150 495 1202 culem,
528 1155 578 1190 ut
610 1147 704 1203 jam
732 1160 869 1203 supra
903 1144 1017 1198 dixi,
1052 1146 1181 1202 cujus
1209 1145 1451 1204 descriptio
1484 1162 1572 1189 non
1599 1146 1736 1190 modo
1766 1147 2026 1204 politiorem
2060 1157 2253 1192 aetatem
2287 1149 2390 1202 olet,

319 1241 459 1285 quam
492 1223 797 1279 reliquorum,
852 1221 928 1265 sed
961 1221 1102 1265 etiam
1135 1238 1243 1266 cum
1277 1231 1371 1266 toto
1404 1221 1620 1275 consilio,
1672 1221 1712 1266 si
1739 1221 1838 1279 quis
1869 1238 2008 1280 paene
2042 1223 2245 1269 divinam
2277 1225 2392 1269 Her-

320 1302 434 1349 culis
467 1309 512 1346 et
543 1298 686 1346 Ulixis
720 1297 1111 1356 comparationem
1144 1297 1402 1360 agnoverit,
1445 1307 1543 1344 tum
1578 1289 1837 1362 dialogicis,
1883 1307 1991 1360 'quas
2019 1300 2132 1363 agit,
2189 1300 2393 1360 partibus

319 1383 416 1441 ejus
449 1395 545 1426 esse
578 1375 872 1438 cognoscitur
904 1374 980 1435 qui
1012 1385 1129 1421 totos
1163 1376 1335 1422 inferos
1368 1376 1577 1423 cantavit.
1668 1377 1876 1423 Dubium
1903 1387 2058 1424 tamen
2092 1387 2181 1435 est,
2235 1388 2394 1424 utrum

319 1469 415 1506 tota
445 1458 654 1513 inventa,
709 1471 764 1500 an
800 1469 891 1499 non
931 1453 1077 1513 potius
1112 1453 1232 1499 aliud
1274 1470 1328 1499 ex
1371 1452 1515 1499 veteri
1548 1464 1681 1500 cantu
1715 1457 1926 1514 allatum,
1979 1448 2094 1503 unde
2127 1450 2248 1503 mira
2280 1455 2395 1502 caeli

320 1547 364 1584 et
397 1534 498 1582 orci
531 1532 823 1592 compositio,
859 1530 979 1576 aliud
1008 1530 1254 1577 recentiori
1286 1531 1467 1577 luxurie
1498 1531 1720 1579 insertum
1753 1534 1824 1579 sit.
1890 1536 1961 1580 De
1991 1543 2084 1580 toto
2116 1543 2268 1580 autem
2294 1536 2394 1581 loco

322 1612 593 1662 sententiam
625 1625 716 1655 non
750 1609 959 1664 mutabo,
990 1609 1100 1653 dum
1128 1610 1438 1668 pulcherrima
1470 1625 1682 1669 quaeque,
1717 1611 1796 1656 ubi
1824 1627 1985 1656 rerum
2014 1612 2236 1670 quaedam
2268 1613 2394 1657 novi-

322 1702 414 1747 tas,
447 1705 536 1734 non
569 1698 724 1732 tamen
752 1686 1101 1744 inexplicabilis,
1135 1685 1395 1743 offenderit,
1427 1687 1475 1732 in
1505 1689 1924 1749 grammaticorum
1956 1690 2156 1751 gratiam
2189 1691 2395 1735 Homero

323 1766 574 1828 deroganda
608 1781 704 1810 esse
736 1763 918 1808 edoctus
952 1763 1134 1808 fuerim.
1202 1766 1362 1826 Longe
1390 1765 1478 1810 alia
1505 1765 1622 1809 ratio
1652 1775 1718 1810 est
1748 1766 2054 1825 reliquorum,
2094 1767 2257 1825 judicis
2287 1782 2396 1812 cum

321 1854 537 1891 venatore
567 1852 611 1887 et
639 1841 787 1886 tribus
821 1841 1074 1896 sceleratis,
1124 1842 1171 1886 in
1205 1842 1365 1901 quibus
1392 1843 1523 1901 plura
1554 1842 1617 1886 ita
1649 1842 1933 1901 conspirant,
1982 1854 2032 1889 ut
2057 1861 2133 1890 eos
2162 1861 2271 1891 cum
2303 1854 2398 1891 tota

322 1924 420 1982 ejus
451 1928 589 1978 νεκυίςι
621 1934 676 1963 ex
703 1920 859 1977 poe'tae
892 1933 1028 1976 opera
1062 1919 1288 1976 profectos
1316 1933 1413 1964 esse
1444 1934 1534 1964 non
1568 1919 1807 1978 patiantur.
1876 1922 1989 1967 Sunt
2018 1921 2143 1966 enim
2172 1932 2314 1977 certo,
2348 1931 2397 1967 ut

323 2014 460 2059 supra
488 1997 701 2042 evincere
733 1993 1013 2050 studuimus,
1061 1994 1116 2039 ad
1145 2011 1441 2040 communem
1475 1995 1735 2041 inferorum
1761 1997 1993 2055 sormam,
2036 2015 2125 2044 non
2159 1999 2396 2060 Odysseae,

324 2084 600 2135 comparata.
683 2071 803 2117 Nihil
836 2080 1068 2131 praeterea
1100 2072 1269 2118 laboris
1302 2073 1599 2132 conspicuum
1633 2084 1719 2130 est,
1770 2090 1856 2133 quo
1884 2076 1984 2121 veri
2007 2077 2207 2136 quadam
2237 2076 2397 2122 simili-

324 2163 415 2200 tate
450 2151 572 2199 Ulixi
612 2150 660 2195 in
701 2150 857 2195 littore
903 2148 1145 2194 constituto
1184 2149 1539 2207 admoveantur,
1599 2159 1648 2197 ut
1688 2161 1867 2198 ceterae
1902 2153 2179 2199 umbrarum
2222 2153 2396 2199 turbae.

324 2230 517 2277 Accedit
557 2229 737 2273 diversa
773 2226 1051 2272 umbrarum
1083 2226 1305 2285 conditio,
1364 2243 1477 2286 quae
1518 2230 1662 2274 multo
1696 2230 1849 2275 minus
1888 2245 2158 2292 exsuanges,
2211 2240 2261 2275 ut
2292 2230 2399 2275 talia

326 2307 600 2363 moliantur,
650 2302 845 2367 cogitari
876 2301 1090 2359 debeant,
1143 2304 1317 2348 accedit
1354 2304 1493 2352 etiam
1521 2305 1749 2365 supposita
1780 2307 1999 2366 quaedam
2038 2318 2082 2353 et
2118 2316 2294 2353 secreta
2332 2319 2399 2351 sa*

326 2385 521 2447 pientia,
565 2383 842 2442 judiciorum
877 2397 1212 2442 poenarumque
1239 2382 1367 2440 fons,
1404 2400 1494 2429 non
1523 2388 1676 2430 minus
1712 2385 1758 2429 in
1794 2388 1965 2446 reliqua
1995 2385 2293 2445 descriptione
2329 2384 2399 2429 ‹se-
2434 2427 2445 2437 ,

320 2458 535 2509 ἐἱᾶθηιῑεμ
599 2461 831 2518 Adjicitur
857 2460 1047 2519 denique
1079 2460 1205 2519 quasi
1239 2462 1449 2506 cumulus
1481 2462 1741 2507 Aristarchi
1771 2449 2012 2509 damn-atio.
2093 2463 2217 2520 Quae
2247 2461 2400 2508 omnia

327 2548 492 2599 quanto
526 2537 681 2581 minus
713 2537 906 2582 Homeri
941 2536 1188 2582 inventioni
1232 2537 1490 2596 relinquunt
1534 2539 1692 2598 spatii,
1748 2549 1873 2586 tanto
1915 2543 2014 2600 plus
2054 2539 2327 2585 difficultatis
2359 2537 2401 2581 ei

329 2615 582 2675 quaestioni<
605 2614 805 2669 faciunt,
838 2624 997 2659 utrum
1028 2614 1295 2659 recentioris
1326 2614 1517 2676 originis
1550 2615 1637 2661 ista
1666 2617 1860 2676 putanda
1892 2617 2009 2674 sint,
2044 2635 2100 2664 an
2133 2633 2190 2661 ex
2221 2599 2401 2673 antiquo

328 2702 465 2738 cantu
498 2691 891 2750 suppeditaverint.
959 2693 1017 2735 Et
1047 2690 1175 2735 video
1205 2691 1388 2749 quidem
1422 2692 1533 2737 illud
1565 2709 1591 2738 a
1629 2694 1853 2754 plerisque
1885 2695 1949 2740 ita
1980 2693 2188 2741 contendi
2205 2690 2299 2749 ⁶⁷),
2354 2699 2404 2736 ut

329 2769 426 2814 fere
458 2767 571 2813 nihil
605 2767 729 2812 dubii
764 2766 932 2813 habere
960 2766 1192 2823 videatur,
1239 2767 1286 2812 in
1320 2784 1406 2828 quo
1437 2778 1590 2816 tamen
1622 2786 1787 2816 vereor
1816 2787 1873 2817 ne
1903 2771 2179 2818 Anastarchi
2207 2767 2401 2822 αθετήσει

353 2883 417 2918 66)
464 2880 518 2913 ef.
544 2879 705 2912 Ninzsch.
730 2880 774 2912 de
798 2881 911 2913 Arist.
938 2883 1196 2914 comra'wols.
1223 2894 1301 2927 pag.
1327 2885 1368 2918 40
1391 2893 1468 2924 sqq.
1514 2883 1621 2917 Paus.
1645 2884 1692 2924 X,
1714 2884 1767 2918 28.
1791 2883 1844 2917 3⁰.

349 2941 414 2977 67)
462 2939 522 2986 Cf²
542 2939 705 2972 Nitzsch.
732 2938 841 2984 praef.
867 2939 934 2970 Od.
960 2940 1056 2982 expl.
1093 2951 1168 2983 pag.
1192 2942 1230 2973 L.
