2745 3262
1149 104 1580 158 ..13....

328 248 438 294 quos
470 231 729 295 Theogonia
767 229 930 288 habet,
989 230 1212 277 ornandos
1246 238 1405 274 mutuo
1446 227 1569 273 sumi
1607 228 1859 287 potuerint,
1909 227 2181 287 praesertim
2218 226 2297 287 qui
2328 226 2406 271 Gi-

328 321 515 371 ganteae
544 310 689 372 gentis
723 318 886 364 essent,
916 318 961 353 et
988 309 1036 353 in
1069 310 1289 369 catalogo,
1318 316 1369 351 ut
1393 305 1587 360 videtur,
1616 305 1851 350 Hesiodeo.
1905 305 1974 350 cf.
2003 303 2320 348 doctissimam
2352 302 2407 346 de

331 384 503 434 Aloidis
532 384 887 445 ‘disputationem
914 384 963 429 in
996 383 1183 431 Seebod.
1212 382 1319 428 bibl.
1355 380 1458 428 crit.
1495 381 1634 438 1828,
1666 383 1715 439 2,
1751 397 1863 442 quae
1889 381 2145 450 Voelckero
2173 379 2372 425 debetur.

455 465 512 510 V.
547 463 654 509 325.
720 461 1008 506 Herodianus
1036 460 1266 521 improbat
1298 461 1370 504 Et.
1400 459 1551 520 Magn.
1585 458 1668 504 sub
1700 474 1744 505 v.
1774 459 1986 513 Διόνυσος.
2011 476 2055 506 v.
2086 473 2233 519 supra.
2279 455 2408 502 Adde

332 550 481 586 totum
513 541 569 585 de
602 540 790 585 feminis
818 538 1169 584 Atheniensibus
1200 539 1369 581 locum.
1436 537 1494 581 Ut
1522 535 1647 579 enim
1676 535 1731 580 de
1753 536 2036 582 Pisistratica
2067 552 2206 581 manu
2231 549 2408 593 suspec-

332 627 432 662 tum
465 627 533 662 est
565 616 780 677 quidquid
812 619 1022 668 αττικίζει,
1070 614 1134 659 ita
1166 612 1216 657 hi
1247 627 1406 658 versus
1435 611 1587 657 demta
1620 612 1850 660 Ariadnae
1882 614 2035 660 fabula
2066 600 2409 659 nomenclatura

326 690 621 750 vmolestiore,
656 708 893 748 concessa,
928 691 1239 753 mythologico
1274 688 1410 734 dubio
1440 687 1661 734 laborant.

459 772 516 817 V.
544 770 652 816 343.
719 771 854 813 Hunc
886 783 1074 813 versum
1088 767 1289 814 Wolfius
1322 765 1500 811 uncinis
1532 766 1731 822 inclusit,
1762 765 1997 812 codicibus
2025 765 2083 812 ad
2113 764 2409 812 dubitandum

333 855 578 907 permotus.
646 844 733 891 Ubi
765 843 917 903 primo
950 842 1157 888 occurrit
1189 844 1292 900 VII,
1320 843 1426 890 156.
1456 843 1652 888 intactus
1685 851 1763 888 est.

458 924 515 968 V.
546 922 641 967 399
666 948 728 954 —
749 921 858 966 403.
899 926 1156 964 αθετοῦνται
1195 920 1260 963 ὑπ’
1295 918 1651 987 Ἀριστοφάνουξ,
1702 919 1757 969 ὥς
1790 918 1872 962 ἀπὸ
1904 924 1985 963 τῶν
2016 920 2285 977 εἰρησομένων
2315 935 2410 973 μετ·

334 1003 564 1055 ενεχθὲντες
596 999 670 1052 (ex
702 998 893 1044 Porsoni
925 1002 1148 1053 correct.)
1178 999 1305 1042 Harl.
1393 997 1482 1042 Sed
1514 996 1668 1054 quidni
1699 997 1847 1054 potius
1883 1012 2022 1055 paene
2057 995 2198 1039 divini
2235 1010 2408 1049 versus,

335 1074 411 1135 qui
440 1075 638 1120 Homeri
669 1090 771 1120 mos
804 1084 892 1131 est,
927 1074 975 1118 in
1008 1090 1221 1132 responso
1255 1075 1370 1131 (406
1396 1074 1512 1132 sqq.)
1546 1089 1601 1117 ex
1633 1072 1988 1134 interrogatione
2019 1072 2195 1130 repetiti
2223 1072 2347 1117 sint?

460 1153 518 1197 V.
550 1151 649 1198 435
668 1176 731 1183 -
753 1151 863 1196 440.
919 1155 1175 1195 αθετοῦνται
1215 1151 1330 1209 παρὰ
1360 1147 1902 1209 Aptororpdva.Fr1get
1939 1162 2046 1194 sane
2087 1157 2228 1207 quum
2255 1146 2418 1207 priora>

334 1227 696 1289 Agamemnonis
733 1226 876 1271 verba
905 1228 1064 1285 (usque
1092 1226 1147 1271 ad
1179 1226 1309 1281 433.)
1341 1226 1582 1271 commode
1614 1240 1722 1272 cum
1754 1224 2082 1301 posterioribus
2114 1226 2176 1282 (a.
2205 1241 2248 1270 v.
2277 1224 2382 1272 441.
2386 1229 2412 1283 )

336 1305 627 1358 cohaereant,
672 1304 911 1363 exsanguis
943 1303 1020 1347 illa
1038 1303 1189 1348 Ulixis
1223 1303 1569 1363 interloquutio,
1619 1319 1733 1362 quae
1760 1312 1995 1364 praeterea
2027 1302 2082 1347 ab
2110 1303 2309 1347 Helenae
2340 1302 2411 1346 de-

335 1381 582 1439 scriptione
612 1390 656 1425 et
688 1381 1007 1439 Pelopidarum
1039 1380 1185 1424 veteri
1216 1380 1310 1424 fato
1344 1383 1407 1435 (ἐξ
1433 1381 1579 1438 ἀρχῆς)
1609 1381 1776 1440 aliquid
1808 1382 1933 1426 dubii
1964 1381 2099 1426 habet
2122 1379 2201 1436 5⁷).

462 1459 520 1504 V.
553 1457 660 1503 525.
728 1472 867 1515 quem
893 1456 1165 1501 Aristarcho
1194 1456 1428 1517 cognitum
1457 1473 1546 1502 non
1576 1458 1716 1503 fuisse
1745 1460 1901 1504 dicunt
1928 1459 2112 1503 scholia.
2178 1459 2296 1504 Sane
2322 1473 2412 1502 non

338 1534 509 1594 optime
543 1534 597 1580 de
639 1551 753 1594 equo
784 1534 934 1596 ligneo
974 1533 1159 1579 auditur
1196 1544 1240 1579 et
1272 1533 1470 1590 aliquam
1510 1550 1799 1596 epexegeseos
1846 1536 2192 1614 similitudinem
2225 1549 2334 1594 prae
2365 1549 2413 1579 se

339 1611 443 1657 fert.

461 1689 519 1736 V.
547 1685 655 1736 547.
703 1692 856 1734 afferet
876 1692 1155 1747 Αρίσταρχος,
1204 1696 1254 1733 ut
1282 1688 1357 1746 qui
1386 1704 1441 1733 ex
1468 1689 1660 1749 cyclicis
1688 1688 1950 1748 depromtus
1978 1691 2049 1736 sit.
2111 1690 2414 1737 Vindicarunt

338 1767 544 1810 Homero
574 1764 788 1825 plurimi,
819 1778 929 1823 quos
956 1758 1107 1810 etiam*
1130 1764 1386 1810 Nitzschius
1417 1774 1627 1824 sequutus
1656 1765 1848 1811 videtur.
1916 1766 2061 1823 Quem
2092 1765 2195 1812 vide
2226 1765 2274 1810 in
2306 1764 2422 1810 diss.-

340 1843 395 1887 de
422 1843 667 1886 Aristotele
699 1849 862 1885 contra
888 1841 1034 1886 Wolf.
1078 1856 1175 1904 pag.
1205 1842 1280 1887 51.

466 1923 524 1965 V.
559 1921 653 1964 568
672 1919 859 1963 -627,
939 1921 1035 1961 Hos
1068 1934 1257 1975 omnes,
1308 1934 1447 1978 quum
1488 1920 1606 1963 olim
1639 1921 1788 1964 solum
1832 1919 1887 1963 de
1914 1920 2101 1964 Tantalo
2144 1934 2199 1964 ex
2231 1919 2414 1966 Pindari

340 1997 585 2042 scholiasta
611 1997 698 2050 (01.
729 1997 775 2049 Ι,
800 1996 898 2049 97.)
930 1997 1190 2051 constabat,
1231 1997 1286 2040 ab
1313 1997 1583 2040 Aristarcho
1612 1995 1931 2040 condemnatos
1961 2012 2078 2051 esse,
2113 1998 2250 2041 schol.
2283 2000 2411 2042 Harl.

342 2073 614 2128 docuerunt,
651 2087 928 2131 quamquam
954 2073 1051 2130 ipsa
1083 2074 1309 2130 judicant:
1354 2080 1507 2117 καίτον
1523 2072 1599 2117 οὐκ
1626 2072 1740 2123 ὄντες
1767 2072 1918 2126 ἀγενεῖς
1946 2072 2034 2130 ἑτερὶ
2063 2076 2140 2128 τὴν
2164 2075 2331 2133 φράσιν.
2352 2102 2414 2109 —

342 2148 558 2198 Vidimus
603 2163 710 2194 sane
743 2163 819 2193 eos
857 2156 902 2192 et
936 2148 1153 2193 sentiendi
1185 2158 1230 2194 et
1272 2148 1471 2211 fingendi
1500 2148 1674 2193 ratione
1715 2164 1743 2193 a
1783 2149 2114 2213 colloquiorum
2145 2160 2190 2195 et
2222 2151 2415 2213 catalogi

346 2226 522 2273 ratione
555 2225 760 2271 diversos
793 2239 918 2282 esse,
950 2222 997 2269 id
1030 2224 1149 2284 quod
1178 2224 1502 2272 Aristarchum
1535 2225 1590 2272 ad
1621 2225 1824 2280 ἀθέτησιν
1851 2228 2088 2286 permovit.
2156 2228 2244 2275 Sed
2275 2243 2416 2288 quum

346 2305 396 2349 in
427 2303 515 2348 hac
549 2320 600 2348 re
626 2305 730 2357 fere„
755 2303 895 2348 totius
931 2302 1194 2360 rhapsodiae
1222 2303 1445 2361 judicium
1476 2312 1709 2360 versetur,
1743 2304 1796 2349 ad
1824 2320 1901 2361 ea,
1943 2321 2055 2364 quae
2086 2306 2182 2364 jam
2213 2307 2415 2368 complu-

346 2381 478 2426 ribus
515 2380 629 2425 locis
665 2381 888 2435 diximus,
941 2380 1063 2424 infra
1097 2381 1225 2439 plura
1258 2380 1396 2425 etiam
1430 2380 1679 2439 adjicienda
1706 2390 1862 2437 erant,
1918 2391 1968 2426 ut
2003 2397 2121 2426 nunc
2157 2382 2203 2426 id
2239 2389 2415 2427 tantum

349 2457 583 2504 monuisse
614 2458 828 2513 sufficiat,
875 2452 990 2515 quod
1024 2457 1189 2519 singuli
1221 2473 1276 2502 ex
1307 2457 1395 2502 hoc
1429 2471 1648 2501 versuum
1675 2458 1912 2516 complexu
1946 2458 1992 2502 in
2020 2460 2296 2518 singularem
2329 2458 2416 2502 im-

350 2534 673 2596 pugnationem
705 2533 986 2589 inciderunt,
1039 2533 1159 2578 inter
1189 2548 1298 2592 quos
1330 2533 1537 2594 significo
1565 2534 1659 2580 602
1686 2542 1730 2578 et
1761 2534 1868 2580 603.
1879 2566 1893 2588 ,
1942 2533 1994 2577 de
2026 2533 2332 2592 quibussicut
2365 2533 2418 2577 de

350 2622 445 2657 toto
479 2611 682 2656 Hercule
713 2609 819 2667 quid
855 2610 1103 2655 sentiamus
1132 2610 1467 2667 indicavimus;
1526 2619 1570 2655 et
1602 2612 1710 2657 604.
1741 2609 1875 2669 quem
1906 2611 1961 2655 ab
1996 2603 2417 2655 Onomac‘ritossfac-

371 2726 438 2765 57)
482 2724 677 2758 Barnesius
702 2731 776 2757 tres
801 2731 924 2756 versus
948 2720 1051 2754 etiam
1074 2720 1188 2754 minus
1212 2721 1421 2755 Homericos
1444 2733 1491 2755 ex
1514 2722 1629 2756 veteri
1653 2721 1848 2764 scholiasta
1869 2721 2077 2767 Euripidis,
2119 2729 2156 2757 ut
2179 2722 2240 2765 qui
2264 2723 2331 2757 hoc
2354 2732 2418 2755 suo

480 2784 561 2817 loco
584 2782 823 2820 excidissent,
849 2778 1028 2821 repositos
1052 2779 1188 2810 voluit:

868 2832 969 2869 ὦςτε
991 2833 1086 2868 Κλυτ
1068 2833 1230 2875 τιναμήστ
1213 2832 1442 2877 τερηλίποιθ
1468 2832 1802 2887 ’Λγαμέμνονΐοναό

865 2877 1229 2931 Αἶγΐσθῳπαρὲλεκοτ
1251 2876 1568 2919 καὶεῖετιλοκεᾞρ
1599 2876 1739 2930 ἀκοίτην

867 2918 967 2954 ωεδ’
986 2917 1244 2962 ινΕλιῑηῆοιχνε
1266 2919 1418 2960 linoae}
1421 2920 1509 2953 νοῧθ
1532 2926 1609 2954 Mer
1611 2919 1688 2953 eido
