2745 3262
331 252 676 322 cor'mparatione
704 267 811 338 orto
838 255 1082 302 excusandi
1116 264 1230 301 sunt.
1326 251 1442 310 Quid
1473 268 1584 298 vero
1616 261 1686 298 est
1716 251 1830 298 illud
1860 250 2094 298 Eustadiii
2112 251 2231 308 πρὸς
2246 248 2407 304 &vener

331 339 487 391 δήλιιδὴ
519 341 661 396 φιλίας
695 363 758 370 —-
790 335 994 393 ‹pt-‘petasii
1022 334 1136 377 Fere
1169 329 1415 376 ridiculum
1444 325 1646 379 Victorii
1672 329 1912 388 ᾕαᾶιοίιιωρ
1940 327 2047 375 Cic
2069 328 2195 388 epist.
2228 329 2283 375 ad
2305 329 2405 375 Att.

331 415 409 470 Dc,
425 413 496 460 10.
546 411 705 458 Etiam
737 402 800 456 h'i
818 412 979 456 versus
1010 407 1132 454 illusi
1156 406 1280 453 mihi
1311 402 1525 452 videntur
1556 422 1583 454 a
1613 403 1809 469 catalogi
1841 408 2026 454 auctore
2056 402 2182 461 satie
2194 403 2407 469 qaam.

349 481 370 486 ”
455 488 639 534 ’Πάντων
668 481 704 533 t*
728 480 923 546 Ἀργείων
952 501 997 531 74
1025 482 1132 532 368.
1163 481 1214 536 let'
1242 481 1357 543 quae
1377 480 1478 529 >hut>
1504 483 1741 544 pertinent.
1773 491 1796 519 f
1822 484 1875 529 In
1904 480 2160 536 hissverbis
2175 487 2184 517 ἒ
2192 483 2289 542 jam
2316 484 2406 529 Eua

328 567 521 613 stathius
543 557 782 620 wyhaesii
811 563 919 622 >quia
946 574 1037 607 non
1064 562 1275 607 omnium
1297 557 1594 607 Graecorum
1619 557 1758 607 Fcasas
1789 561 1952 618 Ulixes
1971 561 2250 607 narravisset
2274 566 2407 606 -etea

328 648 642 703 aut'nap'e'zxew
663 650 744 688 aut'
761 638 961 691 ἆπλοῖκῶς·
986 633 1137 698 ’ᾑοείῑα
1164 642 1274 684 esse'
1293 637 1419 695 dicit,
1448 647 1501 684 tlt
1520 634 1684 688 rivium
1699 634 1879 686 ῐᾶέθῶων
1906 645 2167 699 ’πειρηθῶμεν
2187 639 2265 687 Oti.
2280 640 2407 696 VIII,

332 722 426 769 100
460 730 505 766 et
539 714 643 767 101.
724 718 778 763 In
806 732 894 776 qua
926 731 1015 762 non
1046 729 1228 776 semper
1258 715 1592 789 elegantissimi
1615 709 1824 778 episcopi
1844 709 2139 777 explicatione
2169 716 2257 763 hoc
2283 725 2409 763 certe

329 800 433 844 loco
463 797 747 868 acquiescere
778 794 896 838 haud
924 793 1192 853 poenitebit,
1246 793 1337 838 'nisi
1369 794 1490 840 forte
1518 794 1571 839 de
1602 792 1719 840 tota
1720 788 1984 841 Phaeacum
2017 793 2409 869 interloquutione,

308 875 458 921 mira
490 880 621 940 sane,
666 871 970 924 dubitaveris,
1004 871 1118 916 nihil
1151 871 1276 914 enim
1310 870 1575 943 quidquam
1587 871 1845 926 invenitur,
1877 863 1964 929 qino
1996 872 2069 915 vel
2096 873 2276 915 mutato
2307 873 2408 915 loco

332 938 568 1017 mutatove
597 964 716 991 nexu
754 938 864 991 illud
895 947 1059 991 πάντων
1091 947 1260 991 referri
1291 948 1443 1005 possit.
1529 948 1650 993 Alia
1668 963 1778 992 vero
1813 948 1931 992 'ratio
1962 941 2111 1005 eaque
2132 947 2411 1005 probabilior

331 1027 511 1082 existit,
571 1025 610 1070 si
642 1040 700 1069 ex
733 1022 1000 1082 rhapsodico
1037 1038 1121 1069 usu
1161 1024 1283 1069 idem
1316 1023 1564 1082 irrepsisse
1588 1016 1835 1083 ponamus,
1891 1034 2040 1083 neque
2076 1025 2199 1070 enim
2238 1024 2410 1080 dubito,

334 1104 443 1165 quin
476 1111 564 1172 quo
597 1099 745 1161 magis
780 1099 952 1158 antiqui
985 1094 1145 1145 cantus
1177 1101 1332 1145 forma
1364 1100 1411 1144 in
1431 1100 1571 1147 Ulixis
1604 1101 1865 1146 narratione
1893 1110 2076 1147 sei-vata
2108 1100 2181 1156 sit,
2214 1116 2267 1146 eo·
2299 1101 2410 1172 faci·-

332 1183 423 1227 lius
445 1181 588 1225 etiam
620 1178 819 1222 aliorum
851 1177 1045 1222 heroum
1079 1177 1293 1235 fabulae,
1307 1180 1447 1237 prout
1468 1180 1647 1224 occasio
1679 1170 1840 1237 ferret,
1872 1180 2015 1225 inseri
2047 1180 2137 1225 sint
2168 1179 2395 1236 solitae,s
2372 1194 2408 1225 s.

333 1277 377 1306 v.
395 1260 530 1304 infra.
567 1258 671 1302 Huc
688 1255 865 1301 accedit
881 1246 998 1326 quod
1016 1256 1176 1314 quibus
1194 1257 1403 1302 versibus
1423 1274 1471 1302 se
1487 1267 1666 1302 morem
1688 1267 1926 1318 gesturum
1943 1272 2042 1303 esse
2051 1248 2256 1329 Alcinoo
2259 1258 2410 1304 Uhxes

334 1337 576 1397 profitetur
612 1338 677 1390 (v.
706 1334 804 1381 379
821 1360 885 1369 —
904 1322 1038 1389 382.)
1067 1333 1135 1378 illi
1168 1343 1324 1379 utrum
1359 1334 1415 1380 ad
1441 1335 1660 1393 Troianos
1689 1334 1872 1390 heroes,
1895 1339 2019 1393 quos
2040 1351 2123 1381 rex
2144 1323 2415 1405 rogaverat,

335 1431 393 1462 an
427 1414 482 1461 ad
512 1412 667 1459 Ulixis·
692 1411 848 1457 socios
875 1398 1102 1456 referendi
1134 1410 1248 1469 sint,
1293 1405 1574 1475 ambigitur,
1609 1412 1749 1469 κῆδὲα
1780 1428 1891 1461 vero
1926 1414 1980 1460 de
2004 1421 2168 1462 eorum
2200 1401 2327 1473 apud
2344 1412 2412 1458 in-

336 1494 461 1540 feros
504 1507 700 1537 occursu
742 1489 969 1559 difficilius
1011 1487 1300 1550 intelligatur.
1393 1491 1539 1536 Nexus
1580 1491 1768 1550 denique
1811 1506 1919 1537 cum
1959 1490 2245 1557 sequentibus
2284 1478 2413 1550 plane

335 1570 485 1618 nullus
518 1574 597 1615 est.
668 1565 907 1615 Offendunt
939 1573 1171 1626 praeterea
1201 1564 1368 1613 verba:

893 1649 1021 1698 κακῆς
1063 1644 1194 1697 ἰότητι
1237 1644 1431 1700 2vva1269
1476 1661 1518 1690 v.
1547 1635 1653 1693 383ν

335 1727 522 1772 Insolita
551 1740 658 1771 sane
684 1734 735 1769 ut
766 1724 815 1768 in
842 1725 1048 1767 Homero
1081 1723 1178 1766 sive
1204 1724 1402 1768 Helenae
1433 1722 1530 1767 sive
1554 1723 1831 1767 Cassandrae
1860 1721 2125 1782 descriptio,
2159 1738 2296 1792 quam
2322 1725 2412 1769 Eu-

337 1790 526 1850 stathius
574 1810 749 1862 quo'que
794 1801 987 1845 miratus
1032 1811 1099 1845 est
1123 1800 1200 1857 ⁴8).
1296 1803 1398 1845 Hoc
1438 1801 1579 1845 etiam
1610 1800 1920 1846 vehementius
1957 1815 2231 1867 permoveor
2268 1811 2319 1847 ut
2359 1800 2414 1846 de

337 1882 409 1927 his
441 1881 649 1926 versibus
682 1879 885 1925 dubitem
925 1879 1041 1937 quod
1072 1894 1232 1924 versus
1276 1878 1373 1937 ipse
1402 1878 1509 1925 381.
1544 1887 1728 1937 propter
1758 1877 1839 1924 has
1880 1893 2045 1924 voces·
2104 1878 2230 1946 κήδεα
2261 1878 2415 1940 ἑτάρων

336 1968 381 2005 et
412 1958 668 2015 μετόπισθεν
699 1958 754 2004 ad
782 1957 926 2005 Ulixis
959 1943 1107 2002 socios
1141 1956 1420 2001 revocandus
1450 1955 1530 2001 vix
1557 1955 1621 2001 ita
1653 1954 1861 2001 excusari
1885 1963 2062 2015 potest,
2108 1965 2159 2002 ut
2185 1958 2414 2004 narrantis

338 2034 568 2101 memoria
597 2050 706 2094 prae
737 2033 902 2079 ceteris
936 2033 991 2079 ad
1018 2049 1071 2079 ea
1099 2042 1438 2092 retorqueatur,
1473 2047 1585 2092 quae
1617 2031 1671 2077 ad
1704 2048 1806 2079 suas
1839 2031 1979 2093 ipsius
2008 2033 2287 2081 calamitates
2315 2051 2413 2095 per-

339 2112 495 2158 tinent.
585 2111 773 2177 Etenim
806 2109 846 2155 si
879 2109 927 2154 in
959 2109 1120 2156 inseris
1153 2108 1459 2158 describendis
1492 2108 1673 2154 Alcinoi
1708 2123 1865 2169 preces
1897 2119 2160 2168 versantur,
2210 2111 2415 2172 profecto

337 2205 429 2235 non
460 2203 558 2234 esse
589 2188 795 2267 videtur,
828 2201 933 2252 *cur
965 2189 1110 2232 multo
1143 2186 1395 2246 posteriora
1435 2188 1702 2246 profiteatur
1740 2195 1870 2246 atque
1912 2202 1965 2234 ea
1998 2188 2221 2246 ejusmod1
2232 2221 2247 2245 ,
2302 2204 2415 2249 quae

336 2276 382 2312 et
418 2282 499 2326 per
527 2281 575 2311 se
607 2268 697 2310 ιιοιι
708 2263 860 2310 satis
874 2265 1103 2309 momenti
1138 2264 1331 2310 habeant
1360 2279 1445 2309 nec
1478 2264 1587 2310 alias
1620 2263 1677 2310 ab
1711 2264 1840 2309 Ulixe
1870 2280 1980 2324 prae
2011 2281 2092 2311 sua
2122 2266 2262 2326 ipsius
2293 2276 2416 2313 sorte

337 2344 506 2391 diserte
550 2342 871 2408 exhibeantur:
939 2344 1111 2389 Versus
1145 2351 1298 2388 autem
1329 2342 1423 2389 382
1457 2352 1501 2388 et
1540 2341 1654 2390 38&
1680 2342 1756 2402 qui
1794 2341 1849 2388 de
1879 2341 2017 2389 sociis
2051 2344 2297 2390 comitibus
2329 2345 2416 2390 mi-

335 2437 420 2466 nus
448 2419 641 2482 intelligi
670 2429 854 2480 possunt
884 2429 985 2465 tum
1013 2429 1197 2480 propter
1224 2419 1311 2464 hoc
1344 2418 1589 2465 indicium:
1622 2422 1748 2472 κακῆς
1779 2419 1911 2472 ἰότητι.
1937 2421 2128 2475 γυκαικός
2153 2429 2253 2466 tum
2283 2406 2415 2484 prop·

336 2509 410 2544 ter
441 2499 572 2544 illam
605 2499 797 2545 evitatae
830 2500 885 2544 ad
929 2500 1118 2563 Trojam
1152 2497 1317 2543 mortis
1364 2505 1410 2542 et
1450 2496 1681 2541 insolitam
1723 2505 1767 2540 et
1806 2496 2113 2542 honestiorem
2156 2498 2415 2559 descriptio-

338 2590 473 2632 nem,
531 2562 928 2637 interpolationem
961 2576 1102 2622 etiam
1133 2574 1444 2621 vehementius
1476 2588 1585 2634 prae
1616 2589 1664 2619 se
1696 2573 1860 2622 ferunt,
1954 2573 2103 2632 Quam
2135 2571 2318 2640 quidem
2353 2577 2417 2623 ita

340 2663 492 2700 ortam
524 2669 621 2700 esse
654 2646 939 2714 putaverim,
1003 2664 1053 2699 ut
1092 2653 1191 2713 quis
1223 2652 1367 2700 Ulixis
1408 2651 1761 2710 propositionem
1803 2651 1917 2698 bene
1948 2653 2003 2700 ad
2034 2654 2218 2701 Alcinoi
2251 2655 2418 2702 deside-

343 2731 469 2776 rium
502 2740 633 2789 atque
662 2732 983 2791 proximorum
1015 2747 1234 2777 versuum
1265 2737 1590 2791 argumentum
1623 2729 2005 2776 accommodaret.
2089 2732 2143 2775 In
2173 2730 2290 2777 hanc
2321 2718 2418 2778 sen-

340 2808 535 2854 tentiam
569 2808 707 2853 etiam
744 2810 924 2856 relativi
965 2808 1249 2869 pronominis
1282 2807 1379 2854 sine
1408 2792 1738 2865 particularum
1778 2821 1896 2852 nexu
1926 2817 1970 2852 et
2001 2807 2129 2854 vocis
2164 2804 2312 2854 ὅλὸντο
2351 2825 2419 2856 re-

362 2949 427 2989 ta)
473 2948 640 2982 nusum.
666 2933 743 2993 pig.
772 2951 844 2984 ⁷29.
