2745 3262
338 253 364 282 a
396 217 649 283 scholiastis
680 252 790 283 vero
829 236 1070 282 immensis
1103 234 1486 295 disquisitionibus
1518 235 1743 295 adspersi,
1803 236 1869 282 uti
1903 245 2023 282 totus
2056 215 2404 281 de'Cimmeriis

335 312 489 366 locus,
522 310 682 370 quibus
714 327 878 371 parum
908 311 1219 373 indiguerunt,
1252 327 1295 356 v.
1323 311 1387 359 29
1417 320 1463 358 et
1487 312 1590 369 48„
1628 311 1708 358 ubi
1736 312 1784 357 in
1812 329 1855 358 v.
1884 313 2066 369 ἀμενηνὰ
2090 310 2250 371 κάρηνα
2277 327 2403 371 prae·

334 395 406 432 ter
436 387 625 433 modum
656 387 922 445 haeserunt,
961 407 1004 436 v.
1034 388 1152 445 238,
1182 387 1303 445 287,
1334 387 1451 446 309,
1484 389 1581 436 520
1612 398 1656 435 et
1687 390 1742 435 al.
1770 388 1849 445 ⁵4).

457 464 743 523 Rejiciuntur
775 481 885 512 vero
910 483 941 514 a
967 465 1221 522 veteribus,
1250 474 1299 512 ut
1329 465 1441 511 dicit
1467 465 1750 522 Eustathius,
1784 464 1991 525 p‘rimum
2019 479 2096 510 sex
2127 464 2195 510 illi
2225 479 2402 524 versus,

333 554 529 598 quorum
560 542 656 599 jam
688 556 824 600 supra
855 543 1026 588 mentio
1059 542 1225 601 injecta
1252 550 1320 587 est
1351 543 1630 603 (38—43).
1695 542 1966 588 Afferuntur
1997 556 2182 586 causae:
2209 544 2400 588 vulnera

331 625 376 660 et
407 618 545 661 locus.
634 617 805 674 Quibus
838 607 958 664 addit
983 617 1315 663 Ambrosianus
1357 618 1408 676 Q.
1442 619 1711 664 mixtionem
1748 629 1792 664 et
1823 619 1961 678 quod*
1978 620 2167 665 vulnera
2198 620 2247 664 in
2276 620 2397 682 Aga·

331 708 574 739 memnone
607 711 697 740 non
730 706 991 742 cernuntur.
1057 696 1173 754 Quid
1205 695 1259 739 de
1284 695 1357 740 his
1388 696 1596 740 versibus
1623 684 1908 741 statuendum
1937 697 2145 742 videatur
2170 715 2214 742 v.
2244 711 2394 756 supra.

331 770 566 827 Quomodo
597 771 865 831 interpretes
900 789 974 819 eos
1008 771 1305 832 expedierint,
1361 771 1629 835 intelligitur
1664 790 1717 819 ex
1750 773 2011 830 Eustathio,
2065 789 2174 838 cum
2207 789 2295 833 quo
2333 771 2393 818 cf.

329 849 620 907 Barnesium,
655 848 730 910 qui
760 849 1010 914 Virgilium
1043 851 1115 897 vel
1147 850 1381 897 imitatum
1413 864 1508 897 esse
1540 849 1720 897 eosdem
1750 849 1860 896 dicit
1893 848 2114 914 Georg.1,
2146 850 2192 908 4,
2225 847 2320 898 475
2351 856 2396 895 et

327 926 438 972 Aen.
473 928 531 984 6,
563 928 671 974 304.

452 1005 510 1050 V.
538 1004 614 1050 52.
650 1009 799 1047 αθετεῖ
824 1009 1148 1062 Καλλίστρατος.
1181 1006 1348 1049 Buttm.
1383 1005 1433 1061 Q.
1498 1007 1706 1063 Reiectus
1739 1022 1833 1051 esse
1865 1007 2066 1061 videtur,
2100 1006 2204 1064 quia
2235 1006 2394 1050 eadem

327 1081 569 1139 sententia,
603 1081 761 1125 eodem
793 1083 872 1138 γὰρ
905 1097 1078 1126 annexa
1109 1081 1315 1139 deinceps
1343 1081 1573 1139 sequitur,
1615 1092 1666 1126 ut
1695 1083 1901 1140 priorem
1933 1082 2225 1128 declarandae
2257 1082 2393 1127 ratio-

325 1156 396 1203 nis
420 1174 570 1215 causa,
603 1174 689 1204 cur
713 1156 869 1204 venire
891 1165 934 1202 et
965 1157 1083 1216 loqui
1116 1156 1255 1217 possit
1269 1159 1339 1214 E„
1374 1156 1599 1215 adjectum
1630 1159 1898 1217 putaverint.
1925 1183 1931 1185 -
1960 1161 2185 1206 Porsonus
2205 1174 2315 1206 vero
2344 1157 2398 1209 in„

325 1234 496 1291 Harlej.
531 1247 718 1278 omnem
748 1247 968 1278 versuum
1001 1235 1298 1293 complexum⁸
1321 1235 1384 1281 52
1406 1260 1471 1267 —
1490 1235 1578 1295 54,
1600 1235 1918 1297 impugnatum
1948 1234 2086 1292 dicit,
2124 1244 2176 1280 ut
2210 1235 2286 1295 qui
2318 1234 2390 1280 ad-

324 1320 565 1356 versentur
604 1310 846 1355 nescientis
877 1309 1246 1373 interrogationi:
1296 1317 1379 1362 πῶς
1417 1307 1547 1365 ἦλθες
1590 1321 1672 1356 cet.
1769 1313 1858 1358 Sed
1901 1314 1988 1358 hoc
2020 1315 2169 1359 solum
2209 1313 2266 1358 ad
2302 1313 2392 1356 iter

323 1403 346 1433 s
375 1397 507 1434 ectat.
775 1430 784 1439 .

346 1404 373 1447 Ρ
402 1487 408 1490 <
446 1466 504 1512 V.
525 1465 589 1512 60
605 1474 648 1511 et
665 1468 740 1513 92.
775 1467 888 1513 nihil
917 1467 1090 1513 faciunt
1114 1466 1168 1513 ad
1201 1482 1302 1511 rem
1333 1475 1377 1512 et
1409 1466 1732 1512 dubitationem
1764 1464 1996 1537 codicibus
2028 1464 2200 1511 debent.
2249 1467 2385 1511 Hunc

321 1543 505 1588 Barnes.
540 1541 604 1588 ita
636 1542 873 1589 defendere
903 1544 1076 1601 studet,
1124 1553 1173 1591 ut
1204 1543 1260 1590 ad
1291 1543 1431 1590 verba
1462 1560 1505 1588 v.
1540 1543 1615 1590 91.
1659 1547 1726 1599 ἐμὲ
1759 1541 1905 1599 δ’ἕγνω
1936 1547 2005 1588 καὶ
2035 1547 2247 1602 προσέειπε
2277 1557 2385 1587 eum

322 1617 442 1664 dicat
472 1621 795 1667 necessarium.

447 1697 501 1743 V.
531 1696 623 1743 157
645 1724 708 1731 —
732 1697 834 1746 159.
883 1703 1137 1765 αᾷετοῦνται
1172 1706 1288 1759 τρεῖς.
1334 1699 1505 1757 Harlej.
1584 1697 1770 1744 Scilicet
1802 1696 1908 1756 quia
1945 1694 2057 1740 haec
2090 1704 2383 1740 mortuorum

318 1772 482 1821 usitata
513 1769 588 1821 v’ia
617 1791 708 1820 non
746 1776 817 1821 sit.
882 1776 970 1822 Sed
1002 1793 1046 1821 v.
1076 1791 1187 1834 quae
1218 1791 1354 1834 supra
1380 1774 1433 1819 de
1464 1775 1551 1820 hac
1581 1790 1632 1819 re
1659 1773 1858 1833 exposita
1889 1780 2004 1817 sunt.

441 1851 500 1897 V.
537 1851 624 1897 161
654 1860 698 1896 et
732 1851 834 1898 162.
900 1852 1195 1912 Αριστοφᾶνης
1226 1858 1382 1896 afferet.
1429 1852 1557 1896 Harl.
1630 1852 1801 1895 Forsan
1836 1848 1952 1907 quod
1984 1863 2058 1893 eos
2093 1857 2278 1906 propter
2308 1864 2382 1893 na·

316 1926 447 1972 vium
482 1929 973 1976 commemorationem
1005 1945 1061 1975 ex
1091 1928 1403 1989 superioribus
1433 1928 1498 1975 ita
1528 1937 1708 1974 exortos
1740 1934 1940 1987 putaret,
1996 1933 2047 1970 ut
2080 1939 2193 1971 cum
2217 1924 2273 1970 iis
2307 1940 2378 1969 ex-

317 2003 532 2054 ciderent.

440 2084 497 2130 V.
516 2084 624 2131 245.
689 2083 918 2138 Ζηνόδοτος
945 2084 1088 2141 ἀγνοεῖ
1108 2083 1182 2128 τὸν
1206 2090 1355 2140 στίχον.
1389 2082 1560 2140 Harlej.
1595 2081 1820 2125 nimirum
1841 2079 1958 2138 quod
1986 2077 2215 2122 insolitam
2235 2087 2278 2121 et
2303 2077 2374 2122 de-

314 2160 609 2222 scriptionem
642 2169 686 2206 et
718 2177 877 2207 rerum
910 2162 1133 2208 rationem
1163 2160 1381 2206 exhibeat.
1448 2160 1517 2205 Cf.
1552 2173 1663 2218 quae
1696 2172 1831 2215 supra
1863 2156 1916 2200 de
1947 2155 2226 2200 feminarum
2255 2164 2375 2201 cata·

312 2240 416 2301 logo
448 2238 569 2283 dicta
597 2247 713 2282 sunt.
849 2301 854 2305 ᾖ
1921 2230 1924 2231 ’

404 2318 462 2363 V.
486 2317 593 2363 315.
617 2317 724 2364 316.
767 2315 1084 2376 improbantur
1102 2314 1150 2358 in
1168 2313 1317 2359 Schol.
1344 2315 1500 2360 Venet.
1558 2315 1746 2357 Possunt
1774 2312 1898 2356 enim
1928 2324 2069 2369 quum
2093 2309 2199 2356 Ilias
2223 2313 2372 2357 solum

311 2391 366 2437 de
387 2376 535 2438 Marte
561 2391 616 2438 ab
637 2392 813 2438 Aloidis
837 2393 990 2438 vincto
1013 2392 1126 2438 sciat
1144 2389 1208 2446 ⁵⁵)
1230 2389 1345 2435 illati
1358 2389 1505 2435 videri
1525 2405 1580 2434 ex
1601 2387 1932 2450 cosmogonicis
1957 2387 2175 2433 Titanum
2196 2388 2369 2449 pugnis,

310 2467 461 2527 quales
482 2467 703 2515 Hesiodus
718 2467 786 2530 ⁵⁶)
809 2468 1030 2532 depingit,
1061 2468 1238 2529 Othryn
1264 2475 1416 2514 tamen
1438 2482 1520 2526 pro
1544 2465 1666 2513 Pelio
1686 2475 1729 2512 et
1752 2466 1863 2513 Ossa
1882 2464 2098 2513 exhibens
2121 2465 2370 2512 mutatione

309 2545 364 2591 ad
381 2559 482 2590 rem
499 2544 618 2590 haud
631 2547 777 2607 gravi.
812 2546 900 2593 Sed
917 2562 1055 2606 quum
1074 2555 1261 2591 naturae
1275 2553 1475 2588 terrores
1492 2559 1518 2589 a
1531 2545 1673 2603 poe'tis
1695 2544 1878 2589 demum
1900 2544 1955 2590 ad
1975 2546 2182 2589 Deorum
2198 2558 2368 2604 pugnas

306 2621 634 2668 translati-esse
661 2608 895 2679 ¹videntur,
943 2622 1095 2681 quidni
1127 2622 1182 2667 ad
1214 2621 1325 2667 alios
1358 2620 1496 2667 etiam
1523 2621 1846 2681 Olympiorum
1875 2619 2184 2675 adversarios,
2230 2634 2368 2678 quam

325 2790 391 2829 54)
434 2777 599 2827 Eunt-m.
624 2794 667 2827 ad
697 2794 763 2828 hos
786 2804 923 2830 versus.

326 2863 392 2902 55)
436 2864 492 2898 Cf.
515 2866 558 2899 n.
584 2867 630 2908 V,
654 2869 727 2901 385.

324 2935 389 2973 ὃὸ)
435 2936 489 2970 Cs.
514 2939 666 2973 Hesiod.
692 2941 828 2984 Theog.
850 2942 914 2976 616
937 2957 976 2966 -
999 2941 1074 2975 72⁰.
