2745 3262
1129 119 1565 176 ...27⁸

311 230 657 304 wuith-on
664 241 866 298 referri
884 251 1085 303 possety·
1090 249 1262 297 vetera
1291 215 1403 289 vero
1436 244 1615 301 omnia,
1678 252 1728 290 ut
1760 240 1895 320 quae
1912 260 2000 290 ex
1987 218 2137 305 parte
2172 245 2378 292 versibus

313 320 483 372 ionum
501 318 684 366 :obvia
674 316 959 379 composita·
948 319 1088 374 sint,
1119 317 1177 368 ab
1207 318 1537 378 interpolatore
1558 321 1798 366 inculcata
1809 316 2106 369 censeamus.

319 420 322 423 ·
343 395 405 438 -2‘·
412 397 561 456 affl
587 407 755 457 qum
748 396 819 442 -ita
844 394 980 453 aiut,
983 394 1115 455 quod
1145 393 1203 444 ab
1234 395 1366 442 initio
1396 393 1784 459 significavimus,
1828 389 1948 443 nunc
1975 395 2275 444 confidentius
2304 412 2375 442 re-

310 475 463 536 peteme
493 474 698 532 licebit-,3
708 487 860 520 cum
870 473 922 520 in
944 481 1051 520 tota
1083 471 1306 534 Odyssea,
1362 481 1462 519 tum
1503 473 1552 519 in
1594 472 1837 520 undecima
1874 473 2111 536 rhapsodia
2148 475 2376 521 luculenta

310 551 531 611 quaedam
573 550 758 611 antiqui·
789 560 953 608 cannis
992 550 1245 610 specimina
1286 560 1475 597 exstare.
1571 551 1743 596 Deberi
1782 549 1909 598 enim
1955 550 2134 606 'videtur
2177 552 2374 606 Homeri

308 628 627 689 compositioni
657 631 857 689 praeter
867 628 1113 689 adventum
1125 660 1141 685 ,
1198 643 1331 675 sacra
1360 636 1406 673 et
1445 627 1665 684 reditum,
1712 627 1935 687 quidquid
1958 643 2225 675 sermonum
2256 627 2372 688 apud

306 704 481 752 inferos
511 705 730 763 habetur,
772 708 970 754 Hercule
1000 721 1090 752 non
1122 707 1328 763 excluso,
1371 704 1542 763 recepti
1572 719 1670 749 esse
1702 703 1758 749 ab
1787 710 1844 750 'eo
1876 705 1972 765 ipso
2005 721 2061 750 ex
2091 705 2234 750 veteri
2269 719 2369 764 epo·

307 797 417 841 poea
447 782 524 841 qui
553 797 712 828 versus
743 781 800 829 ab
843 784 938 831 565
971 783 1025 830 ad
1046 782 1170 830 631.
1204 798 1343 842 usque
1371 790 1630 840 sequuntur.
1715 781 1899 827 Influxit
1929 781 2048 828 haud
2069 797 2207 828 ”sane
2224 782 2369 827 multo

305 867 404 916 post
433 874 490 903 ex
521 858 742 903 Hesiodeo
774 859 897 905 fonte
932 858 1196 905 mulierum·
1214 859 1471 920 catalogus,
1517 858 1736 902 conflatus
1764 861 1834 903 est
1858 861 1925 903 'ex
1945 859 2165 904 -versibus
2196 860 2365 903 Home-

305 935 416 981 ricis
448 936 590 983 Ulixis
622 951 731 981 cum
763 937 1035 984 Phaeacibus
1072 935 1412 995 interloquutio,
1459 934 1644 994 irrepsit
1679 945 1913 994 praeterea
1943 935 2228 996 singulorum
2263 950 2365 980 vet*

302 1028 439 1058 suum
470 1028 635 1075 magna
663 1013 815 1072 copia,
840 1014 1012 1073 partim
1038 1030 1094 1058 ex
1122 1012 1349 1070 doctrina,
1382 1012 1553 1072 partim
1582 1028 1638 1057 ex
1665 1012 1812 1057 studio
1838 1013 2177 1071 proiectorum,
2210 1027 2364 1070 quam-

302 1105 440 1148 quam
471 1089 695 1148 aliorum,
743 1089 820 1149 qui
857 1089 1180 1150 displicuerunt
1209 1077 1505 1147 Aristarcho,
1552 1098 1708 1136 nostra
1738 1089 1947 1149 opinione
1976 1088 2125 1151 gratia
2168 1088 2364 1134 restitui-

300 1165 597 1222 tur'15).1n
625 1165 785 1225 quibus
812 1166 901 1212 nisi
929 1182 1114 1226 prorsus
1147 1182 1175 1213 a
1201 1182 1311 1214 vero
1340 1167 1677 1222 aberravimus,
1709 1169 1838 1213 novis
1868 1166 1923 1212 ad
1950 1181 2111 1211 eorum
2140 1165 2363 1224 judicium

299 1245 580 1305 argumentis
618 1260 918 1302 revocamur,
974 1245 1051 1305 qui
1082 1253 1363 1290 constantem
1408 1246 1628 1302 Homeri,
1684 1245 1884 1305 quisquis
1929 1244 2042 1300 fuit,
2097 1258 2179 1302 per
2212 1252 2360 1287 totum

298 1336 487 1372 carmen
513 1336 699 1379 operam
726 1322 924 1368 mirifice
955 1322 1246 1380 conspicuam
1270 1337 1366 1367 esse
1393 1331 1605 1378 statuunt,
1638 1315 1754 1367 hanc
1786 1331 1938 1367 tamen
1968 1321 2031 1366 ita
2058 1319 2355 1365 circumscri-

296 1397 474 1453 bimus,
506 1406 555 1443 ut
587 1396 703 1456 quod
732 1398 875 1443 veteri
905 1397 1058 1443 cantui
1090 1397 1185 1454 iam
1217 1395 1472 1456 subjectum
1499 1398 1666 1453 fuerit,
1699 1396 1766 1441 ibi
1804 1396 2094 1456 potissimum
2124 1396 2355 1442 variatum

296 1473 617 1531 commutaret,
646 1471 725 1519 ubi
757 1472 997 1534 descriptio
1030 1472 1078 1520 in
1111 1473 1334 1533 colloquia
1365 1483 1410 1521 et
1439 1483 1651 1522 ornatum
1684 1483 1920 1537 vergeret,
1954 1482 2106 1520 cetera
2136 1482 2352 1521 servaret.

295 1554 413 1600 Nam
443 1551 581 1599 etiam
607 1552 897 1598 Hermannus
930 1552 1125 1598 miratus
1154 1560 1242 1609 est,
1276 1567 1412 1612 quam
1440 1552 1537 1598 fere
1566 1551 1714 1598 obiter
1745 1551 1832 1596 alia
1859 1551 1906 1595 in
1933 1551 2073 1597 Ulixis
2104 1552 2354 1609 erroribus,

294 1645 407 1691 quae
438 1630 750 1688 antiquissima
782 1645 886 1688 pars
919 1630 1254 1688 putandatest,
1275 1631 1617 1691 significentur,
1659 1631 1747 1673 alia
1779 1644 1915 1687 quam
1952 1630 2187 1690 diligenter
2218 1630 2353 1687 expli-

294 1719 395 1756 cata
426 1708 667 1755 obveniant
693 1706 769 1762 7ὅ).
835 1709 900 1751 Ne
931 1706 1030 1767 quis
1056 1715 1209 1758 tamen
1235 1707 1284 1754 in
1314 1722 1419 1752 eam
1448 1706 1706 1769 opinionem
1745 1706 1950 1750 animum
1980 1705 2184 1762 inducat,
2237 1707 2353 1766 quod

292 1786 340 1833 in
367 1785 486 1833 libro
519 1785 596 1831 XI.
622 1784 801 1830 ‘alienae
826 1797 991 1842 operae
1019 1783 1385 1842 frequentissima
1410 1785 1502 1831 sint
1527 1785 1744 1846 vestigia,
1784 1784 1983 1829 severius
2013 1783 2066 1828 de
2091 1793 2353 1829 ceterorum

292 1862 617 1923 compositione
649 1860 939 1921 judicandum
976 1877 1085 1907 esse.
1149 1862 1244 1907 Non
1278 1863 1400 1908 enim
1434 1861 1732 1917 consuetudo,
1766 1860 1843 1907 sed
1875 1861 2193 1919 opportunitas,
2224 1870 2274 1906 ut
2304 1861 2351 1906 in

290 1941 574 2002 singulorum
607 1937 883 1999 mythorum
906 1937 1165 1997 complexu,
1212 1938 1398 1999 episodii
1431 1941 1578 1986 instar
1607 1939 1653 1985 in
1688 1939 1936 1998 episodium
1959 1923 2164 1994 inserto,
2212 1938 2347 1983 inter-

289 2020 522 2078 polatores·
543 2018 680 2074 fecit,
736 2028 1209 2075 quostreruminexus
1248 2026 1293 2062 et
1330 2017 1525 2063 facilitas
1568 2017 1710 2077 multo
1743 2017 1838 2075 plus
1871 2031 1896 2060 a
1935 2014 2105 2072 reliquo
2145 2015 2346 2076 apologo,

288 2097 444 2155 poe'tae
481 2093 731 2157 ingenuitas
771 2091 826 2139 ab
861 2089 1084 2137 Ithacensi
1116 2108 1251 2139 scena
1290 2108 1477 2153 prorsus
1510 2093 1607 2137 fere
1638 2092 1797 2138 arcuit.
1880 2093 2026 2150 Neque
2064 2105 2172 2134 vero
2206 2090 2347 2135 etiam

307 2263 370 2303 75)
413 2261 510 2296 Vide
533 2270 641 2304 supra
664 2269 824 2292 versuum
847 2260 1131 2294 addubitatorum
1156 2272 1338 2295 recensum
1361 2268 1396 2295 et
1415 2263 1559 2304 judicia.
1627 2262 1822 2302 Sequitur,
1857 2260 1887 2292 si
1911 2260 2105 2300 catalogum
2130 2266 2166 2291 ct
2191 2260 2344 2292 interlo-

413 2319 589 2353 cutionem
614 2325 768 2355 tuemur,
791 2317 983 2349 servandos
1006 2327 1085 2349 esse
1109 2318 1173 2350 hos
1196 2329 1248 2351 vv.
1271 2321 1314 2352 36
1329 2335 1367 2343 —
1382 2322 1456 2361 43„
1481 2328 1518 2353 ut
1541 2321 1600 2361 qui
1626 2331 1672 2352 ex
1696 2321 1859 2360 catalogo
1883 2319 2080 2361 pendeant;
2106 2319 2168 2350 156
2188 2334 2224 2340 —
2248 2319 2342 2357 158.;

410 2375 475 2411 223
497 2380 533 2406 et
553 2373 629 2406 224.
650 2372 723 2410 ‚huc
746 2370 850 2404 etiam
875 2372 1099 2412 referendos3
1126 2374 1212 2413 2⁴⁴3
1243 2375 1307 2408 327
1334 2393 1366 2398 —
1391 2378 1464 2409 333.
1489 2387 1565 2409 cum
1591 2376 1867 2408 interlocutione
1891 2375 2084 2413 (σπῆι-105,
2101 2375 2195 2406 -item
2217 2375 2281 2407 369
2303 2390 2343 2397 —

395 2434 494 2472 '³8³3
514 2431 579 2466 399
602 2445 642 2454 ·—
666 2429 748 2470 40:33
776 2431 838 2464 ml
854 2447 903 2467 .—
925 2431 1003 2467 603.
1054 2431 1294 2465 Dubitandum
1318 2434 1403 2467 vero
1426 2434 1470 2467 de
1494 2445 1546 2467 vv.
1568 2435 1631 2467 320
1656 2450 1693 2457 —
1717 2434 1802 2472 32t;
1836 2432 1900 2465 435
1923 2449 1960 2455 —
1987 2432 2072 2471 4393
2106 2432 2170 2465 518
2195 2445 2230 2454 -
2254 2429 2342 2469 ⁵21;

408 2490 495 2527 ⁶243
525 2489 590 2520 679
613 2492 649 2518 et
670 2487 755 2525 5803
788 2488 851 2519 608
875 2502 911 2508 —
935 2488 1020 2525 6135
1045 2488 1119 2520 632.

304 2563 365 2600 ⁷⁶)
384 2560 386 2562 ’
408 2561 463 2594 ct.
487 2561 607 2592 nem.
631 2559 675 2590 «te
700 2551 829 2600 tn'terp.
853 2558 953 2590 nom.
978 2570 1013 2601 p.
1036 2561 1068 2592 s.
1125 2560 1181 2594 cs.
1205 2562 1368 2594 Nitzsct..
1400 2562 1510 2605 praes.
1535 2563 1602 2593 od.
1634 2562 1731 2604 expt.
1762 2562 1862 2593 'ro-n.
1888 2562 1935 2593 11.
1973 2572 2051 2604 pag.
2075 2558 2229 2592 xm'tt.
2291 2558 2343 2591 Ut

409 2617 447 2652 in
469 2616 660 2650 dramatica
685 2615 795 2649 forma
818 2614 898 2658 ptus
923 2614 1009 2648 artis
1033 2615 1125 2650 inest
1147 2628 1248 2658 quam
1271 2617 1306 2651 in
1330 2629 1389 2658 ea,
1414 2629 1504 2660 quae
1527 2618 1745 2662 simpliciter
1767 2625 1931 2656 enarrat,
1957 2617 2146 2658 eademque
2171 2616 2257 2649 huic
2280 2625 2341 2649 ιιι-

407 2681 567 2717 tegresst
590 2673 742 2713 videtur,
766 2673 814 2706 ita
836 2672 1109 2716 Polyphemum,
1134 2673 1261 2707 Circen
1285 2681 1320 2707 et
1344 2675 1490 2715 inferos,
1515 2680 1552 2706 ut
1575 2675 1636 2715 qui
1660 2674 1859 2715 colloquiis
1883 2665 2032 2706 maxime
2057 2673 2232 2716 perpoliti
2257 2673 2341 2713 sint,

406 2732 562 2765 Homero
585 2729 771 2774 plurimum
794 2730 926 2762 debere
950 2730 1171 2763 crediderim.
1225 2732 1332 2765 Quam
1364 2740 1475 2765 tamen
1499 2737 1606 2764 artem
1632 2731 1775 2773 experti
1800 2740 1900 2770 sunt,
1935 2731 1965 2763 si
1988 2730 2138 2763 aliorum
2160 2739 2341 2763 auctorum

403 2794 499 2821 esset
521 2797 622 2829 quam
644 2785 707 2829 qut
730 2793 840 2819 totum
873 2795 1010 2819 carmen
1035 2788 1296 2831 composuerit,
1339 2788 1493 2821 difficile
1519 2789 1612 2820 soret
1645 2782 1850 2826 intellectu,
1893 2786 2018 2827 quidni
2044 2794 2185 2819 ceterae
2209 2794 2338 2830 putee,

403 2855 450 2878 ne
463 2843 622 2887 Calypso
645 2843 787 2885 quidem
808 2854 930 2877 novem
954 2855 1120 2878 annorum
1144 2845 1256 2885 socia,
1280 2845 1417 2878 similes
1442 2847 1598 2878 fautores
1624 2846 1658 2878 in
1682 2856 1812 2878 summo
1831 2846 1979 2878 Homeri
2005 2846 2103 2878 cultu
2129 2846 2338 2878 invenerint.

399 2890 475 2938 ‘lic
497 2907 609 2937 autem
632 2912 674 2936 ea
690 2900 937 2946 insigniebat,
983 2911 1072 2945 quae
1095 2908 1153 2936 aut
1175 2903 1218 2936 ad
1243 2902 1437 2936 universam
1462 2902 1608 2946 Ulyssis
1643 2910 1775 2936 sortem
1806 2901 2017 2945 gravissima
2039 2910 2157 2935 essent
2177 2910 2237 2936 aut
2258 2902 2338 2935 sine

402 2961 587 3001 colloquio
605 2962 728 3001 jejuna
750 2960 911 2992 fuissent.
957 2961 1152 3001 Utriusque
1176 2961 1326 2992 rationis
1354 2960 1542 3002 plurimum
1566 2960 1608 2991 in
1628 2961 1675 2992 iis
1698 2961 1861 3003 partibus
1885 2968 1951 3000 est,
1976 2970 2061 3000 quas
2088 2961 2249 2992 exhibui.
