2745 3262
319 241 572 289 commixta
600 250 691 297 est,
746 249 794 286 ut
826 239 940 284 nihil
971 237 1255 284 incommodi
1285 236 1458 282 habeat.
1553 239 1670 282 Nam
1697 239 1790 284 600
1822 254 1959 297 pausa
1991 247 2089 297 post
2116 239 2189 283 τὸν
2222 245 2263 284 δὲ
2293 240 2377 296 μετ’

316 318 440 364 facta
479 317 544 363 ita
583 319 680 377 ejus
711 317 905 376 impetus
936 314 1194 376 frangitur,
1248 323 1300 359 ut
1336 314 1439 359 finis
1478 313 1743 373 spondaicus
1781 313 1932 360 minus
1970 314 2204 374 displiceat
2246 333 2382 374 quam

315 394 411 442 238
445 404 490 441 et
524 393 633 442 279.
712 394 854 440 Abest
886 409 1076 440 caesura
1105 392 1337 439 ordinaria
1367 400 1414 436 et
1444 390 1579 436 cessit
1613 396 1893 451 ἑφθημιμερεῖ
1918 391 1967 436 in
1996 409 2069 438 vv.
2099 393 2192 440 581
2208 426 2223 449 ,
2272 394 2381 450 592,

315 473 449 530 5942,-
488 481 695 532 'quorum
725 471 902 531 priores
933 486 961 516 a
992 469 1322 530 praepositione
1351 479 1625 526 excusantur
1638 505 1653 528 ,
1701 469 1948 531 posterior,
1996 470 2071 529 qui
2103 471 2286 532 Sisyphi
2319 472 2382 518 la-

311 549 553 596 boriosum
598 557 812 594 conatum
856 546 1099 606 exprimit,
1167 548 1266 606 plus
1313 548 1561 593 venustatis
1603 565 1740 607 quam
1783 547 2042 596 offensionis
2073 548 2246 594 habeat.
2327 549 2379 595 Si

314 627 634 688 probabimus,
669 625 796 684 quod.
815 627 1107 671 Hermannus
1135 623 1469 684 speciosissima
1500 626 1762 684 conjectura
1800 634 2061 684 assequutus
2093 635 2159 670 est
2186 625 2253 686 ⁶²)
2267 660 2281 682 ,
2329 626 2378 671 in

314 704 517 751 Nestoris
548 700 818 763 jactabunda
847 700 1130 757 narratione,
1178 700 1226 745 in
1258 716 1395 759 quam
1428 701 1478 746 11.
1507 702 1594 758 XI,
1622 703 1716 750 655
1741 719 1834 762 sqq.
1870 701 2087 758 deflectit,
2138 702 2378 748 veter-ioris

315 779 523 828 ruditatis
554 778 786 839 specimen
816 786 1015 834 exstare,
1047 776 1262 837 plurimis
1294 779 1523 838 neglectae
1552 794 1765 825 caesurae
1769 813 1787 849 3
1820 778 2051 839 spondaici
2083 779 2253 835 exitus,
2287 788 2376 823 tro-

313 857 498 904 chaicae
529 872 641 916 quae
672 864 741 902 est
774 855 928 900 minus
958 852 1232 910 commoda,
1277 853 1511 901 incisionis
1542 856 1760 915 exemplis
1793 855 2109 912 edocebimur,
2159 864 2377 914 quantum

312 949 404 981 non
436 933 492 980 ab
523 934 705 993 antiquo
737 941 897 986 cantu,
943 928 1085 990 qualis
1118 938 1221 975 ante
1256 932 1517 975 Homerum
1546 932 1686 976 fuisse
1719 933 1936 991 putandus
1968 933 2177 977 videatur
2209 933 2377 976 discre-

312 1021 409 1073 pet,
451 1012 493 1057 si
522 1011 630 1071 quid
656 1008 913 1055 istiusmodi
952 1006 1192 1065 asperitate
1222 1006 1528 1078 labpraverit,
1575 1008 1821 1054 dummodo
1850 1010 2022 1068 reliqua
2049 1026 2138 1054 non
2165 1009 2377 1073 abhorre-

314 1099 403 1136 ant.
479 1088 613 1135 Haud
639 1088 734 1134 scio
767 1104 823 1132 an
855 1085 996 1131 etiam
1027 1083 1156 1143 quod
1175 1064 1409 1145 inultis
1440 1084 1611 1129 insoliti
1641 1086 1954 1147 cognoscitur,
1996 1085 2271 1144 antiquitatis
2304 1101 2379 1144 po·

312 1166 402 1212 tius
434 1180 572 1226 quam
604 1162 869 1211 recentioris
902 1160 1002 1207 aevi
1028 1169 1201 1223 arguat.
1291 1160 1396 1205 Huc
1428 1160 1719 1206 referendum
1751 1178 1795 1208 v.
1829 1162 1925 1210 574
1955 1167 2072 1221 ἔχων,
2127 1163 2206 1208 ubi
2234 1167 2378 1220 ἔχοντα

313 1251 622 1302 exspectares,
671 1257 716 1285 v.
745 1239 840 1286 583
867 1243 1010 1284 στεῦτο
1034 1235 1128 1292 ⁶3),
1185 1235 1384 1281 obsoleta
1414 1237 1592 1294 forma,
1644 1255 1753 1284 nam
1786 1241 1903 1298 quod
1930 1241 2028 1299 quis
2061 1241 2109 1284 in
2142 1257 2182 1285 v.
2214 1240 2308 1285 608
2335 1248 2378 1283 et

312 1319 419 1367 609.
453 1327 651 1376 notaret,
693 1317 802 1378 ἇμφὶ
832 1321 924 1375 περὶ
950 1341 1014 1348 -—
1040 1309 1094 1368 ἦν
1123 1321 1170 1357 et
1198 1308 1322 1358 mira
1349 1315 1627 1361 constructio
1661 1333 1702 1362 v.
1736 1317 1828 1364 612
1861 1333 1925 1377 sq.
1961 1317 2081 1363 sicut
2115 1326 2234 1362 totus
2262 1317 2376 1361 Her-

313 1395 429 1443 culis
461 1403 644 1446 ornatus
682 1394 878 1441 alienam
909 1406 1101 1437 manum
1131 1390 1417 1448 manifestat,
1464 1401 1514 1436 ut
1544 1394 1617 1436 vel
1654 1393 1831 1454 integer
1860 1410 2018 1439 versus
2052 1394 2238 1439 Hesiodi
2269 1393 2374 1436 imi-

311 1473 480 1519 tatione
511 1472 748 1532 irrepserit
779 1473 845 1528 (v.
875 1471 1005 1526 611.)
1027 1468 1104 1523 ⁶⁴).
1191 1469 1395 1527 Denique
1425 1469 1537 1513 illud
1568 1470 1701 1525 addo,
1756 1471 1803 1514 in
1836 1487 1921 1529 quo
1954 1472 2120 1529 aliquid
2152 1471 2375 1516 momenti

312 1550 458 1595 inesse
492 1549 795 1605 crediderim,
840 1548 956 1606 quod
986 1548 1036 1592 in
1066 1545 1371 1609 temporibus,
1426 1547 1612 1590 Tantalo
1644 1546 1922 1606 Sisyphoque
1954 1548 2164 1593 adhibitis
2197 1548 2374 1593 similli-

313 1642 393 1674 ma
425 1625 672 1681 similium,
705 1640 817 1683 quas
847 1625 1058 1683 apologus
1088 1628 1224 1682 quem
1255 1621 1435 1678 dicunt,
1477 1620 1610 1668 habet
1629 1620 1719 1679 ⁶⁵),
1764 1622 2118 1683 descriptionum
2150 1625 2267 1671 ratio
2300 1641 2374 1670 oo-

313 1702 483 1759 currit,
518 1710 570 1747 ut
600 1700 718 1761 quod
748 1708 887 1746 status
920 1708 987 1746 est
1022 1697 1224 1745 continui
1237 1731 1253 1755 ‚
1292 1697 1563 1758 imperfecto
1595 1697 1860 1745 exhibeatur
1871 1732 1887 1756 ,
1937 1700 2053 1760 quod
2085 1698 2275 1747 actionis
2303 1717 2373 1747 ar-

312 1778 556 1838 bitrariae,
583 1778 752 1825 aoristo
785 1791 894 1824 cum
921 1785 1164 1841 augmento
1194 1775 1406 1823 iterativo
1439 1777 1548 1832 (σκ).

437 1854 611 1905 Omitto
641 1871 763 1903 nunc
794 1870 822 1901 a
853 1854 1019 1900 critico
1050 1855 1221 1914 judicio
1248 1855 1675 1915 interloquutionem
1709 1858 1859 1913 illam,
1892 1858 1946 1901 de
1977 1873 2062 1917 qua
2093 1868 2143 1902 ut
2176 1859 2374 1917 plurima

313 1949 450 1994 supra
477 1936 611 1980 allata
641 1943 774 1990 sunt,
806 1934 870 1979 ita
900 1935 1033 1991 plura
1061 1933 1311 1992 adjicienda
1343 1940 1505 1988 erunt,
1539 1933 1616 1978 uhi
1649 1934 1913 1980 universum
1948 1945 2269 1996 argumentum
2305 1950 2372 1979 re-

313 2013 529 2057 colemus.
594 2013 710 2058 Sunt
740 2019 994 2070 praeterea,
1012 2004 1150 2068 ”quae
1177 2008 1432 2064 offendunt,
1475 2008 1524 2053 in
1557 2009 1690 2055 rebus
1724 2010 1885 2069 posita,
1933 2027 2017 2057 nec
2051 2012 2095 2056 in
2124 2011 2373 2057 verborum

312 2104 616 2148 versuumque
658 2091 834 2148 specie,
892 2090 980 2133 nisi
1026 2089 1143 2147 quod
1180 2089 1235 2134 ad
1274 2104 1350 2132 eas
1394 2087 1565 2143 redeat,
1622 2089 1880 2150 impugnari
1925 2100 2078 2148 potest.
2170 2090 2373 2148 Apparet

312 2181 450 2221 vero,
503 2166 544 2210 si
575 2149 729 2212 oculos
760 2166 808 2210 in
834 2182 888 2211 ea
919 2165 1242 2223 rejecerimus,
1296 2180 1408 2223 quae
1439 2164 1656 2211 hactenus
1689 2166 1907 2225 disputata
1935 2178 2063 2223 sunt,
2116 2184 2205 2213 non
2235 2168 2372 2214 modo

313 2239 559 2285 arbitrium
589 2239 964 2299 interpolatorum
994 2238 1041 2284 in
1073 2238 1262 2299 singulis
1294 2238 1532 2301 insigniter
1561 2251 1816 2302 grassatum
1848 2259 1965 2299 esse,
2015 2243 2092 2290 sed
2123 2260 2149 2290 e
2181 2254 2375 2304 quatuor

313 2315 581 2377 quibusdam
606 2315 833 2376 partibus,
885 2315 973 2364 sibi
1004 2314 1348 2376 quodammodo,
1368 2315 1524 2362 alienis
1552 2326 1694 2363 totam
1728 2333 1864 2377 quam
1892 2318 2047 2366 dicunt
2072 2328 2237 2367 νεκυίαν
2267 2336 2371 2368 con·

263 2458 274 2465 .
312 2396 470 2448 flatam
495 2409 621 2451 esse,
669 2409 781 2454 quae
811 2403 915 2442 sunt
946 2393 1155 2439 Tiresiae
1174 2392 1467 2439 *vaticinantis
1501 2409 1608 2439 cum
1640 2395 1903 2454 Elpenoris,
1948 2397 2207 2456 Anticleae,
2253 2400 2372 2462 Aga·

313 2473 596 2529 memnonis,
637 2466 831 2536 Achillis
866 2481 911 2517 et
940 2471 1097 2530 Ajacis
1130 2470 1448 2530 descriptione,
1494 2467 1697 2534 ‘catalogi
1733 2473 2007 2531 mulierum,
2058 2478 2210 2536 poenis
2251 2477 2381 2525 labo:

313 2550 515 2597 rautium
549 2566 657 2596 cum
691 2551 843 2595 Minoe
872 2559 920 2594 et
949 2551 1168 2606 Hercule,
1222 2549 1409 2609 denique
1438 2548 1841 2608 interloquutionis.
1931 2553 2055 2598 Inter
2084 2554 2165 2601 has
2197 2556 2374 2614 primae

331 2723 397 2759 82)
440 2722 627 2758 Hermann.
651 2722 696 2756 de
720 2722 850 2768 interp.
875 2721 978 2758 no·
1004 2732 1081 2767 pag
1103 2722 1156 2758 22
1180 2722 1325 2758 med..

333 2779 399 2817 63)
443 2777 749 2811 cs.Eusta1h.ad
774 2780 809 2811 h.
834 2790 865 2811 v.

333 2838 401 2874 64)
446 2836 501 2872 Cf.
526 2837 676 2878 Hesiod.
701 2837 837 2879 Theog.
861 2838 937 2871 228.

332 2893 393 2931 66)
436 2893 490 2926 Cf.
514 2893 666 2927 maxime
689 2893 836 2939 Scyllae
858 2894 1137 2941 descriptionem
1160 2894 1202 2929 P.
1225 2894 1312 2938 ΧΠ,
1334 2896 1399 2930 235
1422 2905 1498 2937 sqq.
1530 2895 1565 2928 in
1590 2906 1658 2937 qua
1680 2896 1759 2940 ipsa
1783 2898 1909 2931 verba:
1946 2895 2112 2942 ὖπένιρθε
2142 2898 2178 2933 δὲ
2200 2903 2279 2945 γαῖα
2307 2901 2376 2944 φά-

439 2961 531 2983 νεσια
553 2951 596 2984 ad
620 2960 774 2986 nostrum
797 2954 912 2987 locum
935 2956 1107 2990 alludunt.
