2745 3262
1129 113 1560 167 „20—

314 242 379 287 rei
413 256 503 287 non
536 256 642 287 sane
674 240 906 286 levissima
939 254 1076 286 causa
1101 239 1150 284 in
1182 253 1235 283 eo
1267 251 1364 283 esse
1392 236 1595 295 videtur,
1628 237 1746 298 quod
1776 236 2137 283 vehementiores
2170 252 2384 284 caesurae

313 330 357 368 et
389 321 644 381 frequentes
679 327 784 363 sunt
815 333 919 375 nec,
954 316 1130 377 quibus<
1145 316 1286 372 decet,
1326 314 1572 361 sententiae
1602 315 1874 375 ponderibus
1906 314 2060 374 adjuti.
2125 315 2251 360 Inter
2282 330 2392 364 cor-1

315 398 535 458 reptiones
567 405 699 455 atque
731 394 1047 455 productiones
1059 414 1078 452 ,·
1128 406 1325 453 quarum
1362 406 1452 453 non
1491 391 1680 454 exiguus
1719 401 1863 437 exstat
1894 406 2138 449 numerus,
2203 400 2385 438 tantum

317 475 491 520 mirum
525 473 663 518 illud:
717 473 810 525 ὑιός
839 481 939 531 post
971 471 1160 518 brevem
1191 469 1414 531 syllabam
1446 468 1496 513 in
1525 485 1569 513 v.
1596 469 1703 516 269.
1737 469 1938 516 exhibeo.
2012 471 2181 528 -Neque
2212 468 2386 525 desunt,

316 566 426 610 quae
459 549 515 596 ab
544 550 741 595 dictione
777 549 931 594 minus
963 550 1179 608 placeant.
1257 545 1450 609 Accedit
1481 546 1607 590 enim
1638 546 1822 605 propius
1855 546 1911 592 ad
1942 547 2127 593 articuli
2161 546 2386 609 significa-

315 628 512 673 tionem:
560 627 587 681 ἡ
622 632 664 671 δὲ
694 626 842 679 ἑκάστη
873 642 915 674 v.
956 626 1064 672 232.
1099 639 1209 670 cum
1246 622 1465 683 singulari
1499 637 1705 668 numero.
1790 623 2028 668 Invenitur
2058 624 2247 670 ἀνάσσειν
2277 638 2395 669 cum

294 687 531 763 genitivo,
561 718 697 761 quem
724 701 822 761 jam
840 701 1065 760 Spohnius
1092 700 1322 745 rariorem
1345 698 1675 744 usum'notavit
1686 698 1762 756 ω),
1790 699 1894 755 XV,
1915 685 2024 746 275.
2065 699 2220 762 Friget
2247 700 2389 745 etiam

316 780 539 838 ejusmodi
561 779 725 825 mortis
746 776 1027 823 voluntariae
1047 775 1324 832 similitudo,
1367 773 1511 834 qualis
1535 778 1608 831 ἔβη
1631 776 1689 827 εἰς
1701 774 1858 819 Ἀΐδαο
1875 790 1983 820 cum
2004 774 2200 821 duorum
2223 775 2389 835 epithe-

317 865 471 902 torum
489 864 666 910 ornatu,
694 854 774 900 ubi
794 854 988 914 ἁψαμένη
1008 862 1093 898 etc.
1112 851 1331 911 sequitur,
1359 852 1470 897 item
1491 839 1886 910 βοάς-αργαλέας
1907 868 1950 898 v.
1964 852 2059 900 288
2074 860 2120 898 et
2132 853 2233 910 90.;
2260 852 2389 899 vocis

325 938 556 991 Τυνδαρέου
602 931 651 974 in
684 930 856 982 duobus
900 930 1108 975 versibus
1144 944 1241 975 sese
1277 929 1602 988 excipientibus
1640 929 1821 975 iteratio
1865 945 1910 976 v.
1942 929 2037 976 297
2070 939 2114 975 et
2145 930 2247 986 98„
2304 944 2389 976 nec

318 1024 407 1054 non
433 1014 624 1065 βασίλεια
650 1013 857 1065 yvvamiv„
878 1007 988 1054 257.
1056 1007 1251 1053 Obvenit
1284 1006 1471 1065 denique
1498 1022 1587 1051 non
1619 1022 1782 1065 parum
1809 1021 2026 1051 versuum
2051 1008 2122 1051 vel
2155 1006 2390 1066 phrasium

320 1104 374 1131 ex
407 1087 508 1132 aliis
541 1087 737 1132 Homeri
765 1085 879 1131 locis
912 1086 1242 1145 repositorum,
1294 1083 1354 1128 cf.
1394 1084 1510 1139 229,
1542 1084 1660 1140 238,
1692 1084 1809 1141 246,
1839 1083 1957 1139 283,
1985 1084 2103 1139 294,
2129 1084 2248 1140 296,
2279 1085 2396 1141 300,

319 1165 435 1221 313,
469 1164 577 1212 327.

447 1242 602 1287 Etiam
635 1242 683 1285 in
716 1242 858 1287 altera
889 1239 1189 1295 umbrarum,
1250 1254 1363 1297 quae
1394 1253 1483 1282 non
1522 1238 1617 1297 ipsa
1645 1237 1802 1298 Ulyxis
1829 1245 1951 1282 sorte
1982 1236 2240 1296 implicatae
2272 1247 2391 1294 sunt,

322 1317 644 1376 descriptione,
693 1332 970 1376 quamquam
1002 1315 1245 1374 pauciora,
1300 1325 1453 1361 tamen
1486 1310 1734 1362 occurrunt
1768 1330 1880 1373 quae
1912 1331 1938 1361 a
1971 1315 2209 1360 communi
2241 1324 2284 1360 et
2314 1330 2393 1361 nu-

322 1388 562 1439 merorum
593 1403 637 1439 et
668 1393 920 1439 verborum
948 1392 1125 1438 defluxu
1164 1391 1493 1450 aliquantulum
1524 1390 1773 1436 deflectant.
1841 1390 2055 1438 Omnino-
2076 1406 2186 1438 vero
2222 1391 2261 1438 si
2294 1393 2394 1451 quis

323 1470 455 1515 tritas
489 1485 622 1515 aures
657 1470 712 1516 ad
746 1470 988 1515 lectionem
1024 1468 1256 1524 adtulerit,
1299 1477 1463 1527 quanto
1495 1467 1778 1513 facilioribus
1816 1468 2024 1515 incedant
2055 1470 2263 1529 pedibus,
2305 1485 2395 1516 non

324 1547 519 1607 negabit.
619 1547 737 1602 Quid
778 1547 903 1590 enim
935 1561 1046 1591 vero
1094 1560 1340 1599 sonorum,
1391 1560 1447 1589 ex
1472 1560 1557 1603 quo
1589 1547 1792 1590 luserunt
1818 1555 1862 1590 et
1893 1548 2159 1604 placuerunt
2186 1547 2394 1592 homines

324 1624 633 1681 Apollinares,
681 1632 748 1667 tot
779 1632 1011 1679 tantosque
1044 1622 1099 1666 ab
1130 1623 1340 1682 Longino
1376 1622 1479 1666 inde
1513 1623 1568 1666 ad
1596 1632 1751 1668 nostra
1778 1633 1986 1682 tempora
2011 1626 2246 1682 applausus
2276 1625 2396 1669 exci-

325 1699 438 1745 tavit
471 1715 608 1758 quam
640 1698 777 1744 molis
802 1697 1046 1759 Sisypheae
1077 1698 1356 1757 impudentia
1387 1697 1601 1743 adnitenti
1635 1698 1927 1756 difficilioris,
1961 1699 2017 1745 ad
2049 1696 2271 1746 cacumen
2298 1716 2398 1759 per-

327 1776 524 1823 venienti
562 1774 957 1836 expeditissimae?
1024 1776 1219 1821 Tantum
1249 1785 1403 1821 tamen
1436 1774 1559 1820 abest
1594 1783 1644 1819 ut
1673 1774 1785 1822 haec
1817 1785 1861 1821 et
1893 1793 2004 1835 quae
2038 1793 2198 1822 eorum
2229 1776 2400 1824 similia

328 1862 603 1909 occurrunt,
652 1851 922 1897 recentioris
969 1852 1068 1898 aevi
1110 1861 1351 1898 accuratae
1395 1851 1652 1914 diligentiae
1695 1852 1980 1909 adtribuam‚
2031 1862 2081 1899 ut
2120 1853 2266 1913 potius
2310 1869 2399 1915 quo

327 1930 504 1990 longius
553 1945 579 1974 a
618 1939 780 1973 natura
822 1929 1083 1973 recederent
1129 1945 1237 1974 cum
1270 1929 1532 1985 hominibus
1560 1932 1742 1987 poetae,
1790 1945 1842 1974 eo
1875 1930 2026 1975 minus
2059 1946 2162 1976 eam
2193 1946 2400 1990 assequu-

329 2017 398 2052 tos
431 2022 528 2051 esse
556 2015 680 2061 arte,
726 2023 812 2065 quo
846 2007 998 2052 acrius
1033 2007 1284 2061 studerent,
1330 2021 1383 2050 eo
1417 2006 1566 2051 rarius
1597 1997 1794 2064 potuisse
1824 2022 1899 2051 eos
1932 2007 2200 2053 arbitrarer.
2276 2009 2402 2055 Unde

330 2085 455 2128 enim
500 2084 547 2127 in
588 2083 933 2141 simplicissima
966 2086 1146 2144 Scyllae
1186 2084 1486 2142 descriptione
1528 2084 1807 2128 incredibilis
1854 2085 1930 2130 illa
1978 2086 2149 2129 marini
2193 2086 2402 2132 horroris

331 2161 583 2207 similitudo
604 2159 700 2213 ⁶¹)?
764 2159 890 2205 Unde
920 2176 977 2203 ne
1008 2162 1154 2204 ullum
1185 2160 1367 2217 quidem
1394 2160 1699 2217 exquisitioris
1724 2161 1942 2205 orationis
1970 2161 2018 2204 in
2039 2162 2270 2221 Sisypheis
2302 2178 2402 2207 ver·

332 2236 458 2283 sibus
490 2237 770 2299 vestigium?
853 2236 1019 2293 Quidni
1057 2237 1200 2297 igitur
1233 2237 1274 2282 si
1307 2252 1418 2295 quae
1450 2236 1651 2296 singulae
1682 2239 1943 2295 asperitates
1975 2239 2281 2295 intercedunt,
2330 2255 2404 2284 eo-

333 2313 440 2359 dem
471 2329 545 2359 eas
578 2314 678 2372 jure
710 2313 767 2360 ad
804 2312 1047 2374 pristinam
1079 2313 1300 2372 quandam
1338 2311 1603 2370 ruditatem,
1649 2330 1787 2372 quam
1819 2314 1874 2360 ad
1908 2325 2137 2361 recentem
2180 2315 2406 2378 negligen-

334 2391 449 2438 tiam
497 2393 800 2439 revocemus?
880 2391 1146 2450 Quanquam
1186 2389 1262 2449 qui
1304 2390 1457 2437 insunt
1496 2390 1728 2451 spondaici
1768 2390 1882 2444 (600
1921 2397 1967 2438 et
2002 2393 2136 2450 604.)
2175 2409 2316 2453 quum
2349 2393 2405 2441 ad

335 2468 588 2514 Herculem
621 2477 844 2528 spectant,
905 2467 945 2513 si
978 2467 1083 2527 quid
1116 2475 1239 2513 recte
1274 2466 1390 2525 vidi,
1450 2477 1500 2513 ut
1539 2477 1633 2514 tota
1675 2469 1888 2516 Herculis
1929 2470 2172 2530 descriptio
2212 2480 2256 2516 et
2296 2485 2406 2517 cum

336 2547 496 2605 Ulysse
528 2547 811 2604 comparatio
843 2547 982 2592 totius
1020 2547 1242 2591 carminis
1280 2546 1459 2590 auctori
1490 2560 1580 2589 uon
1610 2546 1850 2607 derogandi
1885 2557 2001 2592 sunt.
2081 2549 2278 2594 Caesura
2314 2557 2406 2593 tro-

339 2621 498 2666 chaica
527 2631 627 2680 post
647 2638 804 2668 meros
832 2623 1035 2683 dactylos
1065 2623 1319 2681 plurimum
1352 2623 1409 2667 ad
1436 2640 1575 2681 aquae
1606 2624 1892 2682 rapiditatem
1922 2625 2245 2686 depingendam
2274 2623 2406 2681 valet,
2431 2612 2433 2616 V

341 2699 406 2753 (v.
441 2699 570 2756 585.)
614 2701 712 2760 plus
760 2699 900 2747 etiam
941 2699 996 2746 ad
1040 2698 1198 2759 lapidis
1233 2698 1394 2757 (597),
1452 2701 1498 2747 in
1532 2702 1697 2750 ceteris
1728 2702 1790 2750 ita
1832 2719 1939 2749 cum
1979 2702 2080 2750 aliis
2111 2702 2407 2751 incisionibus

363 2870 426 2904 60)
472 2868 526 2899 Cf.
552 2868 577 2900 l.
604 2867 627 2900 l.
663 2878 740 2910 pag.
764 2870 840 2902 202.

362 2945 426 2976 61»
471 2942 525 2974 Cf.
552 2942 618 2974 Od.
644 2940 730 2981 xu,
753 2944 828 2975 235.
