2745 3262
1176 123 1600 181 ...11-

345 258 615 311 comparata
641 248 893 297 illustretur
913 246 1014 305 3⁷),
1027 256 1319 312 quamquam,
1340 254 1463 308 quae
1489 246 1666 308 singula
1695 246 1894 293 continet
1921 248 2191 310 catalog-us,
2199 248 2338 295 etiam
2369 248 2418 295 in

346 329 468 380 hunc
482 328 624 381 finem
635 329 765 379 nullo
780 327 916 380 modo
937 327 1101 380 omnia
1111 326 1373 387 conspirant
1400 332 1451 372 et
1469 325 1572 374 alia
1578 324 1784 386 profecto
1807 325 1864 372 ad
1891 326 2098 388 reginam
2124 326 2418 373 mulcendum

344 421 438 456 non
448 415 549 467 apta
562 414 677 458 sunt.
696 405 785 492 Sed
794 405 1028 454 videamus
1042 405 1096 496 de
1102 404 1309 496 siugulis
1311 419 1424 495 quae
1435 403 1638 451 haerenti
1651 405 1843 451 faveant.
1862 405 2074 452 Primum
2085 414 2204 452 totus
2217 405 2413 468 catalogi

346 575 459 611 num
478 559 756 607 immodicus
770 560 944 617 fervor,
963 515 1249 622 genealogiae
1260 568 1308 604 et
1327 559 1500 619 patriae
1514 560 1613 606 fere
1633 569 1841 606 constans
1863 560 1980 606 ratio
2001 559 2154 607 habita
2166 560 2307 618 (unde
2325 561 2416 606 fre-

348 648 491 698 quens
511 636 622 686 illud
647 639 752 693 ἰ’ἐκε)
762 671 778 694 ,
818 639 1122 698 epithetorum
1145 636 1416 683 abundantia
1439 636 1605 683 animis
1627 653 1718 682 non
1738 637 1902 693 motis,
1936 652 2009 681 res
2034 637 2252 696 quaedam
2275 637 2418 697 poste-

348 716 530 765 riorum
553 715 811 771 hominum,
840 726 895 761 ut·
911 716 1113 770 videtur,
1142 714 1290 773 captui
1317 715 1687 767 accommodatae
1699 714 1775 770 38).
1795 721 1800 724 “
1825 714 2000 761 Deinde
2020 715 2203 760 etiamsi
2223 715 2419 761 missum

348 793 578 842 faciamus*
594 793 725 853 quod,
749 809 899 852 ,quum
911 794 1055 843 multo
1076 792 1295 838 clariores
1315 792 1363 838 in
1379 790 1517 838 Iliade
1536 801 1580 837 et
1594 791 1792 853 Odyssea
1811 800 1997 849 exstent,
2027 791 2107 838 has
2128 792 2419 856 potissimum

347 871 563 923 mulieres
577 871 729 919 Ulixes
746 870 1014 929 exhibuerit,
1037 887 1148 931 quae
1161 887 1216 917 ex
1231 879 1359 930 parte
1377 869 1464 916 hoc
1476 874 1569 916 'uno
1590 870 1691 915 loco
1713 871 1963 915 occurrunt
1981 877 2026 914 et
2044 868 2206 929 dubiae
2227 867 2419 933 originis

347 956 452 999 sunt
485 934 884 1006 (cf.'-scholiastas·
909 948 965 995 ad
1005 948 1108 997 hoc
1135 949 1345 1004 versus),
1401 961 1484 994 nec
1522 947 1732 1003 Danaen,
1775 946 2154 1006 Hippodamiam,
2202 949 2417 1006 Anteam,

348 1025 651 1075 Laodamiam
680 1026 878 1084 aliasque
909 1025 1238 1081 nominaverit,
1271 1034 1425 1070 tamen
1449 1025 1568 1071 haud
1593 1025 1689 1071 scio
1717 1041 1774 1070 an
1803 1025 2033 1087 singulare
2060 1025 2284 1085 quoddam
2312 1042 2417 1072 con-

348 1103 506 1153 silium
538 1103 582 1148 ei
609 1102 776 1148 rationi
807 1101 972 1159 subsit,
1017 1119 1105 1162 qua
1136 1103 1234 1148 fere
1265 1112 1500 1149 certarum
1531 1103 1813 1161 quarundam
1846 1103 2133 1150 familiarum
2164 1106 2419 1165 provincia-

350 1192 542 1239 rumque
575 1180 793 1226 mulieres
831 1181 1047 1226 collectae
1083 1180 1377 1231 inveniuntur
1417 1179 1554 1238 quid?
1620 1179 1940 1226 Thebanarum
1985 1182 2252 1244 reginarum
2293 1185 2419 1243 quasi

347 1256 502 1303 tabula
532 1257 582 1303 in
609 1259 763 1303 oculos
795 1256 929 1304 cadit.
994 1258 1169 1304 Inserta
1195 1266 1263 1304 est
1293 1257 1507 1308 Herculis
1534 1272 1667 1317 gens,
1709 1272 1817 1302 cum
1849 1273 1936 1315 qua
1969 1259 2239 1318 cognatione
2267 1262 2421 1319 juncta

347 1342 419 1380 est
443 1335 624 1391 Maera,
656 1333 809 1385 Proeti}
840 1333 946 1380 filia.
1027 1334 1237 1391 Ceterae,
1283 1336 1432 1396 Tyro,
1466 1336 1696 1392 Chlorim,
1742 1335 1992 1397 Eriphylen
2025 1335 2151 1392 dico,
2201 1337 2256 1382 ad
2286 1338 2420 1383 Aeoli

347 1425 404 1455 ex
436 1410 629 1456 Cretheo
661 1410 854 1469 stirpem
885 1409 1097 1466 redeunt,
1143 1411 1198 1457 ad
1225 1412 1414 1460 eandem
1441 1414 1678 1458 referenda
1709 1413 1982 1472 Iphimedia,
2021 1422 2071 1457 ut
2101 1427 2129 1458 a
2161 1414 2327 1473 Triope
2356 1424 2419 1460 at-

348 1503 433 1547 que
460 1489 636 1534 Canace
668 1485 882 1542 oriunda,
943 1487 1052 1546 quin
1085 1488 1225 1534 etiam
1255 1489 1382 1535 Leda
1420 1490 1626 1552 conjugis
1659 1489 1835 1551 origine
1875 1489 1930 1534 ad
1963 1490 2195 1535 Perierem
2228 1501 2270 1536 et
2303 1492 2418 1539 Aeo-

347 1568 446 1613 lum
474 1565 715 1620 adscendit,
781 1566 850 1612 Ita
881 1563 978 1610 fere
1010 1565 1264 1623 Boeotiam,
1306 1567 1472 1626 Pylum
1499 1575 1631 1625 atque
1658 1567 1903 1626 Mycenam
1935 1566 2168 1614 habemus.
2231 1569 2418 1615 Atheni-

347 1659 475 1691 enses
506 1661 618 1691 vero
650 1644 850 1690 feminae
883 1643 992 1693 adeo
1025 1659 1053 1689 a
1088 1643 1251 1690 ceteris
1288 1646 1489 1690 seclusae
1521 1653 1649 1701 sunt,
1699 1654 1749 1690 ut
1781 1646 1922 1692 etiam
1950 1645 2005 1692 ab
2035 1646 2121 1692 hac
2152 1656 2280 1706 parte
2313 1664 2418 1695 con·

347 1723 575 1780 firmetur,
608 1721 729 1784 quod
745 1730 845 1767 tum
878 1736 933 1771 ex
952 1720 1117 1775 Minois
1150 1721 1367 1781 epitheto:
1402 1722 1671 1784 ὀλοόφρονος,
1703 1732 1806 1770 tum
1837 1729 1893 1770 ex'
1913 1725 2160 1772 Herodiani
2185 1722 2416 1786 improba·

347 1800 471 1847 tione
485 1803 547 1858 (v.
560 1801 692 1856 324.)
712 1808 756 1845 et
769 1800 1004 1850 Plutarchi
1024 1800 1077 1856 de
1095 1800 1138 1845 h.
1152 1801 1181 1845 l.
1197 1818 1238 1846 v.
1255 1801 1361 1848 632.
1388 1800 1558 1860 judicio
1581 1801 1760 1846 efficere
1792 1801 1912 1859 licet,
1946 1819 2019 1848 eas
2043 1819 2139 1849 esse
2170 1803 2413 1864 adoptivas.

347 1879 498 1937 Neque
530 1877 716 1922 minimi
747 1878 1008 1923 faciendum
1040 1878 1150 1926 illud
1179 1888 1268 1934 est,
1302 1879 1419 1937 quod
1450 1879 1514 1924 ita
1547 1880 1765 1938 quaedam
1792 1880 1840 1924 in
1868 1883 2072 1941 catalogo
2105 1881 2283 1926 fabulae
2312 1897 2414 1926 nar.-

347 1943 474 2009 ratae
504 1963 629 2010 sunt,
673 1963 723 1999 ut
754 1954 984 1999 diversam
1018 1964 1212 2000 aetatem
1243 1956 1428 2015 sapiant.
1508 1958 1613 2003 Jam
1644 1957 1722 2002 alii
1751 1967 2049 2012 monuerunt,
2103 1967 2264 2016 quanto
2298 1968 2415 2003 atro-

348 2033 447 2079 cius
485 2032 563 2077 hic
605 2032 827 2093 Odysseae
868 2035 994 2079 locus
1028 2031 1399 2079 Labdacidarum
1442 2034 1589 2080 fatum
1629 2035 1836 2080 exhibeat
1872 2034 2031 2090 Iliade,
2093 2051 2203 2092 quae
2243 2035 2416 2081 nobiles

346 2109 458 2157 istos
489 2126 620 2157 casus
653 2110 867 2174 ignorare
896 2110 1103 2157 videatur
1124 2107 1202 2166 3⁹).
1295 2109 1432 2157 Aliud
1474 2112 1732 2170 exemplum
1776 2121 1843 2157 est
1882 2111 1929 2157 in
1967 2111 2261 2170 Melampodis
2296 2111 2419 2164 (287

347 2187 437 2248 sq.)
473 2187 650 2245 fabula,
698 2205 809 2248 quae
841 2189 1011 2236 iterum
1044 2188 1251 2236 occurrit
1284 2188 1362 2235 od.
1397 2189 1498 2244 XV,
1528 2188 1659 2243 228„
1706 2187 1782 2233 sed
1815 2188 1939 2233 Nelei
1972 2202 2140 2246 poena,
2183 2187 2421 2235 furiarum

346 2265 542 2324 impetu,
576 2265 686 2327 fuga
717 2266 904 2325 aliisque
937 2265 1069 2311 rebus
1099 2266 1388 2319 intermixta,
1419 2280 1613 2322 quarum
1640 2274 1795 2309 nostro
1826 2266 1927 2309 loco
1955 2279 2011 2308 ne
2041 2264 2290 2327 vestigium
2325 2267 2418 2325 qui-

348 2342 454 2389 dem
484 2344 629 2390 ullum
661 2343 966 2404 deprehendis.
1032 2343 1185 2400 Quum
1212 2357 1322 2387 vero
1354 2342 1465 2386 haec
1498 2342 1545 2386 in
1576 2341 1827 2386 Homerica
1857 2342 1981 2400 po'e‘si
2013 2343 2086 2387 lex
2117 2342 2323 2388 obtinere
2354 2345 2419 2388 vi-

348 2419 530 2488 deatur,
563 2429 613 2466 ut
642 2436 754 2479 quae
779 2421 836 2467 ad
863 2420 1050 2467 eandem
1079 2418 1322 2474 materiem
1348 2417 1620 2477 pertineant,
1656 2407 1815 2463 eadem
1843 2418 2019 2464 ratione
2043 2420 2293 2480 iisdemque
2322 2421 2420 2467 fere

347 2484 502 2543 verbis
535 2507 822 2558 repetantur,
863 2513 954 2544 non
985 2495 1138 2543 dubito
1173 2496 1279 2556 quin
1311 2494 1574 2555 posterioris
1607 2493 1716 2539 libri
1747 2495 1975 2553 narratio,
2017 2506 2067 2543 ut
2098 2497 2419 2544 vetustissimis

348 2572 556 2620 moribus
588 2591 762 2623 annexa
792 2584 997 2623 nostram
1029 2575 1078 2622 in
1109 2589 1268 2637 amore
1296 2582 1473 2636 tantum
1501 2581 1791 2648 occupatam,
1824 2581 2032 2633 tempore
2059 2575 2195 2621 etiam
2224 2584 2417 2635 superet.

348 2653 461 2698 Fere
491 2652 676 2698 eodem
684 2656 889 2717 cogeris,
923 2654 1000 2700 uhi
1033 2670 1075 2699 v.
1112 2652 1216 2700 700.
1250 2653 1303 2697 de
1336 2666 1421 2711 quo
1455 2652 1550 2710 jam
1583 2665 1718 2709 supra
1751 2651 1948 2711 dictum,
1978 2668 2085 2699 cum
2121 2654 2415 2711 11.111,237,

369 2793 412 2826 37
424 2793 437 2830 )
483 2791 543 2826 cf.
566 2790 727 2826 Nitzsch.
750 2791 863 2836 praef.
887 2792 915 2825 1.
941 2805 974 2837 p.
1000 2794 1137 2828 LXIII.

369 2849 434 2896 38).
477 2859 510 2882 v,
534 2849 602 2883 od.
626 2849 694 2891 XI,
723 2860 775 2882 vv.
797 2851 873 2884 242.
896 2851 970 2884 243.
995 2852 1068 2885 214.
1091 2853 1166 2886 260.
1189 2852 1263 2886 264.
1285 2852 1360 2886 265.
1383 2852 1459 2886 266.
1482 2852 1557 2886 299.
1582 2853 1686 2893 (haec
1709 2852 1818 2886 credo
1841 2851 2020 2886 correctio
2042 2858 2099 2887 est
2128 2864 2159 2887 v.
2185 2854 2229 2887 ΙΙ.
2254 2853 2322 2892 111,
2345 2854 2426 2888 237.

475 2908 616 2948 adjecto
634 2908 703 2942 illo
715 2907 843 2949 ζωοὸσ).
867 2909 1084 2952 Ceteroquin
1101 2910 1289 2943 secundum
1303 2911 1370 2943 od.
1381 2909 1446 2952 lv,
1455 2912 1529 2945 560.
1545 2914 1659 2953 maj0r
1676 2912 1833 2955 catalogi
1855 2921 1940 2957 pars
1963 2910 2000 2945 in
2010 2912 2144 2956 Elysio
2162 2921 2244 2945 esse
2266 2911 2423 2946 deberet.

374 2965 441 3002 3⁹)
485 2976 516 2998 v.
537 2967 601 2999 271
625 2976 701 3009 sqq.
727 2968 771 3001 cs.
795 2969 838 3002 11.
860 2969 1004 3009 xxm,
1026 2970 1101 3004 679.
1127 2970 1171 3003 cf.
1195 2970 1358 3003 Nitzsch.
1382 2969 1497 3012 praes.
1530 2969 1554 3002 l.
1582 2980 1616 3013 p.
1639 2969 1802 3005 XXVII.

1937 3042 2055 3088 2⁴²,
