2745 3262
1163 111 1591 170 -24-

334 257 420 288 cur
457 241 544 288 hoc
578 258 668 289 non
701 241 866 301 absque
907 241 1082 304 furiis,
1120 240 1306 287 minimi
1339 240 1480 285 refert
1511 250 1673 288 utrum
1707 243 1931 307 anguibus
1959 257 2021 290 an
2056 244 2276 304 lapidibus
2305 247 2410 294 fieri

335 319 585 376 debuisset,
632 319 712 365 ubi
741 319 847 365 illae
878 319 927 365 in
958 319 1269 383 investigando
1297 320 1506 364 terrestri
1539 318 1738 365 crimine
1768 310 2012 383 occupatae
2036 332 2197 368 essent.
2235 324 2408 383 -Quidz

334 397 450 457 quod
482 397 529 441 in
561 396 775 443 Tantaleo
808 396 1028 458 supplicio
1058 396 1199 443 etiam
1230 401 1389 453 δαίμων
1415 394 1492 454 qui
1520 409 1684 456 poenas
1713 386 1848 457 quasi·
1872 407 2026 446 sumat
2051 398 2282 446 innuatur.
2328 401 2408 446 Ce-

335 473 543 533 teroquin
575 473 916 520 sive'scelerati
957 473 1103 519 nostri
1143 473 1198 519 ad
1233 474 1441 533 perjuros
1473 472 1700 520 referendi
1729 475 1847 533 sint,
1901 477 1998 523 sive
2033 475 2217 537 propius
2245 477 2409 522 saltem

333 551 389 596 ad
416 565 519 615 eam
547 552 730 610 culpam
764 559 808 596 et
834 551 1111 614 gravissima
1136 550 1326 596 'omnino
1358 544 1454 609 ejus
1483 551 1702 611 temporis
1733 554 1907 609 scelera
1932 554 2170 600 accedantz
2202 561 2253 598 ut
2273 553 2407 599 scho-

332 628 573 673 liastarum
616 626 1087 676 animadversionibus
1131 628 1456 682 confirmatur,
1514 626 1579 672 ita
1602 628 1823 687 ¹sequitur
1849 642 1907 674 ex
1947 645 2115 688 poenae
2142 628 2408 676 &crimine

330 705 663 765 discrepantia,
716 713 861 749 totam
892 703 1069 749 Tantali
1113 703 1381 764 Sisyphique
1422 702 1625 750 fabulam
1658 704 1715 751 ab
1742 704 1878 755 initio
1898 721 2010 755 >uon
2035 706 2295 763 inferorum
2329 703 2407 751 sed

330 793 484 829 terrae
508 781 571 836 ⁶⁹)
612 797 708 827 esse
741 790 785 826 et
819 781 1113 843 allegoricam
1147 780 1455 826 inventionem
1489 795 1597 840 prae
1635 796 1685 827 se
1714 780 1866 839 ferre,
1899 790 1967 828 >ut
2003 782 2102 828 fere
2132 780 2342 829 avaritia*
2362 788 2407 826 et

333 875 475 906 vanus
507 859 640 905 labor
670 857 804 904 lateat
825 858 904 914 ⁷⁰).
973 858 1089 915 Quid
1119 858 1268 904 vero?
1289 851 1468 915 ‘Quum
1501 859 1549 904 in
1581 860 1819 919 utriusque
1840 859 2055 916 historia,
2096 859 2275 919 qualem
2295 857 2406 902 inde

333 936 390 982 ab
422 934 675 981 Homerica
707 926 850 980 aetate
881 934 1124 992 habemus,
1167 933 1279 978 nihil
1313 949 1474 981 earum
1506 952 1665 982 rerum
1698 936 2067 997 deprehenditur,
2116 933 2406 996 quae.avari-.

332 1015 422 1060 tiae
455 1023 499 1058 et
530 1012 700 1058 laboris
732 1012 840 1057 vani
870 1012 1096 1072 vituperia
1128 1012 1176 1057 in
1209 1028 1284 1057 eos
1318 1015 1618 1071 contulerint,
1667 1031 1826 1075 quuml
1846 1015 1994 1075 potius
2025 1016 2200 1061 scelera
2227 1027 2405 1067 eorum,

333 1092 389 1137 de
423 1090 584 1150 quibus
614 1088 891 1150 ambigitur,
936 1105 1151 1151 magnam
1184 1098 1362 1148 partem
1396 1106 1450 1134 ex
1481 1090 1568 1137 hac
1600 1092 1853 1139 Homerica
1883 1091 2178 1154 castigatione
2204 1090 2408 1151 prosecta

334 1184 430 1215 esse
461 1167 727 1222 videantur,
761 1175 812 1211 ut
839 1166 983 1211 etiam
1012 1165 1211 1222 similia,
1246 1166 1388 1225 qualis
1419 1168 1707 1227 Danaidum,
1740 1170 1797 1217 ad
1827 1171 1924 1230 ejus
1955 1169 2101 1233 instar
2131 1167 2406 1231 refingeban·

326 1256 438 1302 tur,
474 1261 615 1305 quum
647 1243 836 1302 denique
869 1244 991 1301 nullo
1026 1243 1113 1289 alio
1146 1252 1372 1303 tempore,
1414 1261 1551 1304 quam
1583 1246 1661 1293 ubi
1694 1249 1923 1296 memoria
1953 1248 2098 1296 adhuc
2129 1247 2305 1309 vigeret
2335 1260 2407 1292 eo-

334 1338 443 1368 rum
474 1321 697 1367 vitiorum
730 1308 925 1380 quorum
958 1321 1204 1383 allegorica
1243 1321 1493 1367 similitudo
1523 1323 1572 1368 in
1603 1324 1798 1369 Homeri
1836 1324 1999 1370 inferis
2020 1322 2253 1380 offeruit,
2299 1322 2406 1381 quin

335 1400 559 1446 absonum
584 1398 846 1454 videretur,
891 1396 947 1444 ad
977 1397 1059 1443 hos
1092 1398 1212 1457 ipsos
1244 1397 1364 1463 tradi
1401 1400 1616 1459 potuisset
1633 1398 1665 1445 ε’
1694 1400 1743 1446 in
1769 1417 1822 1448 ea
1857 1401 2005 1465 magis
2037 1401 2272 1463 magisque
2302 1416 2411 1447 con-

335 1477 505 1522 firmor
536 1475 785 1532 sententia,
850 1490 937 1535 qua
968 1484 1118 1535 partes
1163 1484 1339 1522 nostras
1368 1476 1508 1527 etiam
1541 1478 1745 1524 Homero
1776 1478 2053 1539 antiquiores
2093 1486 2139 1524 et
2177 1476 2407 1536 veteribus

335 1551 621 1602 carminibus
654 1552 697 1597 ei
729 1551 916 1598 traditas
950 1552 1089 1598 fuisse
1121 1561 1303 1612 putem,
1355 1553 1443 1598 sed·
1460 1552 1523 1599 ita
1554 1554 1766 1612 traditas,
1805 1563 1856 1600 ut
1891 1554 2039 1615 potius
2066 1555 2297 1606 malornm
2328 1553 2407 1600 ho-

334 1631 516 1675 minum
548 1631 598 1674 in
630 1631 804 1673 malam
836 1628 1012 1688 partem
1046 1625 1168 1674 ultra
1201 1639 1400 1674 mortem
1433 1641 1694 1689 porrectam
1725 1632 2028 1688 memoriam,
2072 1631 2150 1676 cui
2179 1630 2237 1676 ab
2262 1632 2409 1682 >altera

333 1708 589 1768 oppositum
621 1718 688 1752 est
718 1707 942 1768 elysium,
991 1722 1128 1766 quam
1160 1708 1300 1752 talem
1332 1721 1524 1766 poenam
1558 1706 1888 1767 significarent,
1929 1707 2111 1766 qualem
2135 1706 2408 1767 posteriores

333 1787 502 1832 Graeci
533 1786 696 1832 inferis
735 1785 938 1830 tribuere
972 1783 1183 1829 solebant.
1270 1786 1509 1830 Praeterea
1540 1798 1649 1828 cum
1682 1782 1740 1828 iis
1767 1798 1863 1830 non
1901 1783 2155 1841 consentio,
2210 1782 2288 1843 qui
2318 1797 2409 1842 quo

332 1862 482 1926 magis
513 1862 612 1910 orci
645 1861 820 1909 incolae
853 1860 908 1908 ab
938 1860 1176 1907 umbratili
1205 1860 1459 1908 conditione
1486 1859 1541 1906 ad
1570 1857 1820 1908 humanam
1846 1868 2097 1917 transeant,
2125 1873 2179 1905 eo
2206 1858 2408 1905 certiora

332 1939 420 1987 sibi
465 1939 635 1985 indicia
682 1938 950 1984 recentioris
996 1934 1206 1983 licentiae
1252 1939 1457 1984 invenire
1501 1937 1750 1984 videantur.
1846 1939 1964 1984 Nam
2000 1952 2110 1984 cum
2148 1936 2409 1982 rudissimis

333 2017 520 2078 quisque
552 2016 607 2061 ad
640 2031 693 2061 ea
725 2016 927 2061 maxime
959 2016 1176 2075 proclivis
1212 2024 1300 2071 est,
1351 2032 1462 2076 quae
1493 2031 1649 2061 sensus
1675 2030 1767 2060 nou
1797 2024 2032 2074 superant,
2070 2022 2186 2062 tum‘
2203 2014 2406 2073 perjuro-

332 2111 440 2140 rum
469 2110 535 2155 ex·
556 2094 789 2139 furiarum
819 2093 1143 2152 persecutione,
1161 2093 1315 2151 poenis
1347 2094 1546 2152 aliquam
1573 2108 1845 2152 corpoream
1874 2101 2090 2138 naturam
2116 2089 2407 2138 obversatam

333 2186 430 2217 esse
468 2169 634 2216 animis
668 2169 960 2231 intelligitur,
1013 2170 1089 2216 cui
1129 2169 1233 2216 illae
1263 2169 1589 2233 infligerentur.
1670 2172 1731 2216 Et
1759 2169 1832 2216 his
1864 2168 2047 2229 quidem
2075 2184 2186 2215 cum
2217 2168 2406 2215 Tantalo

333 2255 378 2291 et
410 2246 605 2307 Sisypho
637 2246 891 2302 concessis,
946 2245 1102 2305 quidni
1134 2247 1308 2307 pariter
1340 2247 1393 2292 de
1425 2247 1560 2307 Tityo
1593 2254 1638 2291 et
1666 2245 1835 2291 Orione
1862 2245 2140 2302 statuamus,
2195 2244 2406 2306 quamvis

331 2322 409 2367 ille
441 2322 496 2367 ad
529 2323 839 2385 recentiorum
873 2323 1131 2367 inferorum
1160 2323 1402 2382 supplicia,
1444 2323 1522 2368 hic
1555 2322 1611 2367 ad
1642 2322 1856 2367 Herculis
1886 2321 2094 2368 habitum
2120 2322 2305 2382 propius
2332 2335 2405 2367 ac-

332 2398 473 2446 cedat.
550 2401 731 2447 Verum
763 2400 803 2446 si
836 2400 1031 2446 Homeri
1066 2409 1185 2447 aetas
1218 2416 1274 2446 ex
1306 2398 1586 2462 allegoricis,
1627 2413 1735 2458 quas
1766 2397 1887 2454 dixi,
1931 2397 2097 2446 fabulis
2126 2399 2225 2458 jam
2251 2412 2406 2444 meras

333 2492 496 2537 poenas
531 2477 703 2522 scelere
735 2475 939 2537 subjecto
973 2477 1173 2535 fecerat,
1232 2476 1392 2524 eodem
1424 2477 1525 2535 loco
1561 2484 1606 2522 et
1646 2475 1833 2537 Tityum
1864 2473 2032 2522 habere
2070 2483 2274 2536 poterat,
2328 2472 2405 2534 qui
2430 2484 2436 2490 ·

353 2648 415 2686 69)
459 2647 575 2690 Huius
600 2647 654 2681 rei
679 2648 799 2681 forsan
822 2620 929 2682 etiam
953 2649 1066 2682 nubes
1090 2648 1261 2683 indicium
1284 2649 1459 2685 exhibent
1482 2661 1513 2685 v.
1535 2651 1635 2691 591„
1679 2649 1749 2683 nisi
1773 2645 1966 2682 comunis
1988 2646 2140 2680 formula
2161 2651 2240 2687 est,
2284 2642 2405 2687 qud&

458 2706 568 2747 vm,
597 2707 672 2741 37⁴.

351 2778 416 2817 Ι10)
460 2776 518 2811 Cf.
541 2776 706 2821 inprimis
729 2779 892 2812 Enmta.
917 2790 950 2823 p.
972 2780 1037 2814 ⁴59
1059 2789 1138 2823 sqq.
1173 2781 1282 2814 Faus,
1303 2781 1353 2823 X,
1374 2782 1429 2816 ³0.
1474 2781 1653 2816 Hermann
1674 2780 1827 2825 mythol.
1850 2788 1930 2824 pag.
1952 2778 2031 2812 us.
2083 2775 2214 2820 IIeyne
2234 2774 2284 2809 ad
2294 2767 2405 2816 *Vitl-

456 2836 545 2867 Aen.
572 2835 638 2868 lib.
664 2837 729 2870 vl.
766 2848 797 2870 v.
820 2839 885 2871 608
907 2855 948 2862 -
970 2839 1046 2872 su.
1114 2839 1245 2871 Mutet.
1269 2839 1384 2873 schol.
1409 2839 1445 2872 in
1468 2835 1606 2873 sibun.
1643 2850 1676 2883 p.
1698 2827 1795 2879 882,
1836 2836 1898 2872 ubi
1920 2833 2039 2879 qualis
2061 2832 2203 2867 Tantali
2227 2831 2348 2866 subnlt
2369 2829 2406 2866 i!

457 2890 655 2935 lyricorum
682 2903 718 2928 et
741 2895 957 2938 tragicorum
981 2905 1100 2929 manus
1120 2896 1326 2937 devenerit,
1366 2896 1486 2939 qualis
1509 2897 1603 2940 apud
1624 2896 1811 2931 Platonem
1834 2902 1872 2929 et
1893 2892 2105 2927 Ciceronem
2128 2895 2264 2931 exstet,
2303 2896 2406 2932 quen

456 2948 600 2982 diverse
624 2950 782 2994 denique
804 2952 993 2986 intellecta
1016 2961 1052 2988 et
1075 2955 1260 2998 explicata
1283 2955 1347 2996 sit,
1372 2954 1543 2988 invenies.
