2745 3262
1127 139 1198 149 ...
1305 114 1558 168 23,—

313 242 513 287 nimium
537 242 796 288 .tribuatur.
884 241 1002 299 Quid
1043 240 1168 285 enim
1208 238 1286 283 ille
1326 237 1374 282 in
1419 237 1657 296 judicando
1705 240 1832 297 sequi
1874 240 2160 286 consueverit
2204 239 2311 285 satis
2351 254 2378 285 a

292 318 487 379 ,Wolfio
513 317 580 375 68)
607 319 757 364 edocti·
784 335 954 375 sumus.
1020 318 1169 392 hietque
1197 313 1387 360 dubium
1420 324 1510 370 est,
1559 314 1599 360 si
1636 315 1804 360 facetas
1833 316 2182 362 scholiastarum
2212 316 2268 361 ad
2294 316 2377 362 hos

313 410 476 449 versus
497 396 819 455 disputationes
839 391 1172 454 auscultamus,
1206 392 1313 452 quin
1340 393 1549 436 locorum
1581 392 1677 436 sive
1705 408 1865 438 scenae
1873 427 1886 450 ,
1921 404 1970 438 ut
2000 395 2064 440 ita
2089 395 2262 450 dicam,
2292 392 2378 436 mi·

314 488 629 534 nuscongnua
660 472 791 530 ratio
807 483 853 518 et
887 484 1187 532 personarum
1220 454 1425 516 diversus
1457 485 1485 514 a
1512 470 1674 515 ceteris
1708 469 1888 516 habitus
1915 471 2168 529 plurimum
2201 471 2257 517 ad
2289 470 2377 516 im-

313 548 627 607 pmbaticnem
657 549 865 594 valuerim
930 549 1052 607 Quid
1077 559 1230 605 vero,
1259 547 1299 592 si
1332 561 1436 595 eam
1468 535 1723 606 opinionem
1757 547 1817 593 'ad
1848 546 2139 606 judicandum
2176 548 2375 595 attuleri-

312 641 450 682 mus,
490 642 636 685 quam
666 625 937 684 ‹ie-antiquo
981 627 1119 672 cantu
1166 634 1210 670 et
1250 625 1340 670 alio
1372 623 1420 668 in
1453 623 1609 669 eodem
1636 624 1895 670 inferorum
1927 624 2042 681 situ,
2089 625 2177 670 alio
2208 626 2256 670 in
2283 627 2374 670 Ho-

312 707 443 748 mero
470 702 726 763 explicavi?
791 703 1000 760 Quid,.si
1031 718 1122 752 non
1148 702 1284 747 modo
1312 701 1507 761 potuisse
1540 702 1660 758 fieri,
1691 702 1809 761 quod
1834 717 1940 748 sane
1968 701 2143 747 mirum
2176 712 2265 759 est,
2298 695 2375 748 s‘ed

312 780 454 824 etiam
491 780 709 825 debuisse.
738 776 1009 838 apparebit?
1084 782 1200 825 Nam
1236 778 1458 838 quomodo
1497 779 1608 824 illud
1644 784 1703 824 ἔτι
1742 785 1965 839 προτέρους
1997 796 2039 823 v.
2070 780 2175 826 631.
2192 813 2205 834 ,
2259 779 2374 838 quod

311 859 470 903 tamen.
496 872 620 914 eum*x
641 856 925 905 totiusflihrt-
945 856 1066 916 exitu
1096 856 1371 902 necesssasio
1406 855 1637 912 cohaeret,
1684 857 1873 920 intelligi
1907 866 2080 916 posset,
2131 856 2217 901 nisi
2250 872 2373 915 prae-

310 936 382 981 ter
405 935 547 982 Ulixis
567 933 910 982 commilitones
937 934 1210 993 antiquiores
1239 933 1421 993 quidam
1449 933 1655 979 homines
1684 945 1785 979 ante
1812 935 2165 980 commemorati
2194 935 2390 980 essent?

308 1011 531 1071 Adsquae
558 1024 613 1056 ex
634 1009 797 1056 'fabula
837 1020 968 1069 atque
997 1027 1053 1056 ex
1086 1021 1182 1057 arte
1217 1010 1313 1071 ipsa
1353 1010 1622 1069 adjecerim,
1681 1011 1799 1070 quod
1835 1028 1918 1057 nec
1951 1011 2135 1057 omnino
2166 1026 2372 1056 commo·

309 1087 420 1134 dum
450 1103 532 1132 nec
558 1086 862 1136 Homericum
893 1087 1071 1145 fuisset,
1111 1088 1173 1133 ita
1207 1088 1377 1133 inferos
1410 1088 1685 1147 relinquere,
1720 1098 1770 1132 ut
1797 1088 1909 1133 nihil
1938 1088 1990 1133 de
2018 1089 2180 1133 ceteris
2209 1102 2373 1133 eorum

308 1166 471 1211 incolis
509 1174 554 1209 et
585 1165 639 1208 de
666 1165 903 1209 communi
935 1166 1062 1209 sama
1094 1165 1343 1220 (liceretur,
1376 1166 1453 1209 sed
1483 1166 1530 1208 in
1556 1175 1679 1209 tanta
1713 1166 1973 1210 celebritate
2001 1167 2155 1210 omnia
2184 1166 2239 1209 ad
2266 1181 2370 1209 nar-

308 1244 478 1288 ratoris
506 1243 730 1302 quoddam
762 1258 870 1287 cum
898 1241 1201 1287 familiaribus
1234 1252 1278 1286 et
1306 1252 1407 1285 vate
1437 1240 1710 1298 colloquium
1739 1242 1854 1300 ,satis
1889 1244 2038 1300 jejune
2070 1243 2366 1287 referrentur.

307 1320 505 1367 Etiamsi
532 1320 657 1365 enim
687 1319 941 1379 plurimum
971 1318 1026 1365 ad
1058 1317 1234 1377 Ulixem
1265 1318 1314 1363 in
1341 1318 1516 1365 Orcum
1546 1319 1838 1381 adlegandum
1871 1320 2027 1366 Italica
2054 1318 2368 1365 necromantia

307 1398 495 1456 fecerit,
548 1408 704 1445 tamen
737 1397 818 1443 ubi
857 1413 938 1456 per
970 1395 1205 1454 antiquum
1234 1405 1423 1442 cantum
1457 1396 1506 1441 in
1536 1396 1731 1442 Homeri
1763 1396 1987 1443 fabulosos
2028 1397 2154 1443 ludos
2191 1396 2367 1443 abierat

305 1476 449 1535 iisque
477 1475 649 1521 inferos
668 1474 998 1530 inmiscuerat,
1044 1488 1128 1533 pro
1158 1472 1344 1519 illorum
1372 1472 1546 1536 legibus
1580 1474 1661 1519 hos
1698 1483 1912 1520 tractatos
1945 1490 2064 1531 esse,
2113 1474 2211 1534 quis
2240 1474 2365 1520 dubi·
2433 1507 2441 1511 s

305 1556 400 1602 tet?
466 1553 640 1611 Quanto
669 1552 820 1599 minus
854 1566 964 1598 vero
997 1566 1053 1596 ex
1083 1549 1260 1613 origine
1290 1566 1372 1598 sua
1411 1566 1707 1598 communem
1739 1553 1839 1599 orci
1872 1552 2218 1614 descriptionem
2251 1562 2364 1599 attu-

304 1631 464 1688 lerint,
511 1634 638 1676 tautov
666 1630 767 1676 veri
799 1639 865 1675 est
896 1629 1117 1684 similius,
1162 1643 1238 1673 eos
1273 1645 1330 1673 ex
1362 1630 1461 1674 aliis
1493 1631 1741 1689 poematis,
1786 1647 1842 1675 ne
1875 1631 1980 1691 quid
2012 1631 2255 1676 necessarii
2292 1631 2365 1674 de-

305 1706 891 1766 sideraretur,2fabularum
919 1704 1231 1750 celeberrimis
1258 1717 1440 1753 ornatos
1472 1723 1582 1753 esse.
1635 1709 1753 1765 Quas
1782 1709 1962 1773 quidem
1992 1709 2171 1754 etiamsi
2198 1708 2364 1753 ceteris

303 1784 505 1830 intexere
543 1795 587 1830 et
618 1784 675 1829 ad
705 1781 1101 1840 unam‘quandam
1140 1782 1344 1829 formam
1381 1785 1586 1848 redigere
1617 1789 1747 1845 poe'ta
1778 1786 2021 1842 voluisset,
2064 1802 2120 1830 ne
2150 1786 2365 1845 potuisset

304 1862 490 1919 quidem
502 1869 824 1921 ⁴tumpropter
850 1858 1041 1920 originis
1076 1867 1121 1903 et
1149 1859 1238 1904 loci
1270 1859 1601 1918 diversitatem,
1650 1873 1750 1908 tum
1782 1873 1965 1923 propter
1996 1862 2174 1908 fabulae
2213 1872 2257 1907 et
2288 1879 2362 1908 an-

303 1938 520 1997 tiquitatis
552 1938 849 1985 sanctitatem.
930 1936 1014 1983 Sin
1048 1951 1159 1983 vero
1195 1937 1245 1987 in
1278 1937 1413 1983 rebus
1451 1940 1564 1983 nihil
1598 1949 1824 1985 mutatum
1855 1949 1943 1996 est,
1999 1956 2086 1985 cur
2106 1937 2167 1985 'in
2207 1939 2360 1985 verbis

303 2025 587 2075 putaremus,
639 2029 752 2073 quae
782 2013 1054 2059 diversitatis
1083 2013 1205 2059 illius
1236 2015 1492 2062 certissima
1524 2016 1691 2062 indicia
1730 2027 1843 2062 sunt.
1920 2018 1983 2062 At
2015 2017 2361 2076 quotusquisque

301 2094 597 2140 vetustiorem
629 2107 766 2152 quam
798 2092 1101 2143 recentiorem
1131 2101 1326 2137 aetatem
1358 2092 1406 2137 in
1434 2094 1622 2150 Minois,
1664 2094 1810 2155 Tityi,
1854 2095 2050 2150 Tantali,
2091 2093 2361 2155 Sisyphique

302 2171 465 2218 fabulis
496 2185 742 2233 agnoscere
766 2168 979 2216 maluerit
996 2171 1018 2216 ’ἕ
1083 2168 1210 2226 Quod
1239 2168 1445 2229 primum
1477 2170 1532 2216 ad
1559 2170 1639 2218 hos
1673 2172 1850 2228 attinet,
1890 2172 2046 2234 negari
2077 2187 2166 2217 non
2199 2181 2360 2231 potest,

300 2248 382 2307 per
412 2248 606 2306 reliquas
639 2248 863 2308 Odysseae
882 2271 886 2275 ,
902 2255 948 2292 et
978 2246 1128 2292 Iliadis
1170 2256 1318 2306 partes
1350 2248 1603 2306 perjurium
1636 2264 1691 2293 ex
1730 2249 1938 2293 omnibus
1971 2249 2255 2295 criminibus·
2280 2250 2360 2294 hu-

301 2325 448 2372 manis
479 2326 544 2371 ita
574 2324 799 2380 exhiberi,
845 2332 896 2368 ut
927 2338 954 2369 a
984 2323 1119 2368 furiis
1151 2323 1265 2382 apud
1293 2323 1463 2370 inferos
1484 2326 1717 2384 (puniatur.
1784 2325 1833 2370 11.
1864 2326 1942 2380 111,
1966 2325 2074 2373 279.
2105 2327 2228 2383 xlx,
2249 2327 2359 2382 258,

298 2403 404 2449 259.
480 2402 569 2449 Sed
597 2402 684 2447 hoc
716 2400 1075 2460 philosophicum
1106 2401 1251 2459 potius
1283 2410 1351 2445 est
1391 2417 1527 2459 quam
1560 2403 1696 2447 certis
1737 2419 2035 2462 personarum
2070 2394 2272 2465 partibus
2304 2406 2359 2451 ad

298 2480 502 2526 veritatis
534 2478 741 2538 “speciem
772 2477 1074 2536 descriptum,
1133 2477 1249 2522 unde
1279 2478 1454 2522 nullum
1486 2479 1580 2536 ejus
1622 2481 1687 2523 rei
1721 2480 1768 2524 in
1805 2480 2029 2542 Odysseae
2060 2493 2196 2543 νεκυίςι
2226 2484 2358 2529 vesti·

297 2556 438 2618 gium.
512 2557 573 2601 At
600 2554 802 2613 sequitur
833 2562 1010 2609 tamen,
1058 2554 1219 2598 ceteris
1252 2553 1550 2610 facinoribus,
1597 2565 1646 2600 ut
1678 2572 1790 2615 quae
1822 2558 1974 2604 minus
2007 2561 2182 2606 nefaria
2213 2571 2357 2607 essent

297 2650 379 2693 pro
413 2633 509 2680 aevi
545 2633 761 2687 ruditate,
794 2631 995 2676 infernas
1022 2646 1184 2690 poenas
1217 2645 1305 2675 non
1331 2631 1470 2677 fuisse
1497 2635 1767 2692 propositas,
1802 2637 1967 2682 nedum
1999 2638 2063 2683 ita
2094 2640 2358 2698 propositas,

296 2720 346 2756 ut
381 2712 431 2756 fit
467 2710 665 2769 lapidum
698 2718 742 2754 et
773 2708 1009 2766 epularum
1040 2706 1222 2752 invidia.
1304 2708 1392 2753 Sed
1424 2710 1543 2754 aliud
1575 2717 1648 2756 est·
1675 2713 1859 2758 omnino
1895 2714 2069 2759 referre
2104 2715 2270 2774 aliquid
2305 2717 2357 2761 ad

295 2778 485 2833 numina
516 2781 769 2845 punientia,
802 2783 922 2830 aliud
953 2784 1207 2847 imaginum
1239 2778 1429 2831 veritate
1457 2787 1598 2832 oculis
1628 2788 1754 2847 quasi
1787 2789 1985 2851 infigere.
2054 2792 2202 2852 Neque
2228 2791 2357 2838 video

314 2959 378 2999 68)
425 2958 482 2992 Cf.
506 2958 620 2991 Wolf.
646 2959 737 3001 prol.
767 2970 800 3003 p.
826 2959 1033 2994 ccxxxu
1056 2970 1132 3003 sqq.
1680 2959 1688 2978 ⁴
