2745 3262
330 1340 417 1422 Si
448 1371 549 1432 quis
586 1381 685 1432 post
716 1373 966 1419 novissima
999 1373 1052 1417 de
1084 1370 1366 1417 carminibus
1393 1369 1655 1413 Homericis
1688 1368 1858 1426 judicia
1892 1368 2153 1413 etiamnunc
2194 1369 2392 1430 singulas

327 1452 377 1496 in
406 1452 619 1497 universo
650 1452 851 1511 partium
876 1460 1105 1496 concentu
1136 1448 1456 1507 discrepantias
1484 1446 1687 1491 indicare
1719 1456 1849 1504 atque
1880 1446 2171 1515 interpretari
2202 1458 2390 1495 conatus

328 1528 491 1586 fuerit,
534 1528 611 1575 hic
642 1544 733 1574 non
766 1537 864 1574 tam
893 1527 940 1573 id
972 1527 1115 1589 egisse
1146 1525 1400 1582 videbitur,
1444 1533 1495 1571 ut
1524 1523 1667 1570 divini
1699 1522 1816 1569 vatis
1852 1522 2160 1585 integritatem
2193 1524 2241 1571 in
2272 1527 2390 1586 peri-

328 1607 485 1652 culum
516 1615 725 1661 vocaret,
784 1600 922 1664 quam
953 1613 1003 1650 ut
1041 1603 1374 1663 periclitantem
1404 1602 1660 1648 defenderet
1691 1610 1821 1660 atque
1854 1601 2174 1647 communiret.
2264 1604 2392 1662 Quod

327 1682 453 1729 enim
483 1681 683 1729 studium
715 1681 869 1742 paucis
901 1679 1066 1726 abhinc
1094 1679 1223 1727 annis
1256 1679 1382 1740 quasi
1414 1680 1760 1740 ὁμηρομαστίγων
1785 1679 1966 1736 fuisset,
2007 1678 2052 1724 id
2081 1680 2177 1739 jam
2207 1686 2392 1741 λυτικῶν,

326 1769 378 1806 ut
408 1761 473 1806 ita
505 1759 674 1818 dicam,
701 1759 876 1804 factum
905 1767 996 1804 est:
1030 1758 1252 1818 siquidem
1276 1757 1625 1817 *interpolatione
1651 1757 1715 1801 ita
1747 1772 1961 1802 concessa
1987 1766 2036 1801 ut
2064 1757 2267 1805 absoluta
2293 1775 2393 1805 car-

326 1838 456 1883 mina
487 1819 702 1883 addititiis
734 1834 937 1895 partibus
969 1834 1179 1891 adaucta,
1213 1850 1303 1879 non
1334 1834 1550 1896 augendis
1582 1834 2028 1894 conglutinandisque
2060 1835 2263 1894 partibus
2296 1838 2392 1883 uni-

326 1932 461 1962 versa
493 1915 715 1961 coaluisse
740 1913 1003 1970 videantur,
1040 1911 1254 1972 quidquid
1284 1912 1536 1967 notabitur,
1572 1911 1618 1956 id
1650 1911 1704 1956 ad
1736 1911 2045 1974 integritatem
2074 1913 2391 1960 vindicandam

325 1992 501 2052 potius,
535 2006 673 2051 quam
705 1983 1009 2052 derogandam
1038 1989 1192 2035 valere
1210 1988 1405 2052 dixeris.
1473 1989 1621 2046 Quare
1655 1991 1863 2048 quamvis
1896 1993 2208 2048 Hermannus,
2249 2008 2389 2052 quum

324 2070 591 2128 nuperrime
621 2069 675 2114 de
713 2066 1133 2128 interpolationibus
1164 2068 1359 2114 Homeri
1399 2067 1640 2113 dissereret
1664 2068 1707 2124 l)
1723 2101 1738 2124 ,
1795 2068 1947 2115 Iliadis
1991 2069 2205 2127 quasdam
2237 2080 2388 2128 partes

326 2147 446 2191 male
478 2147 598 2191 inter
628 2161 676 2190 se
707 2161 931 2206 congruas
963 2154 1008 2189 et
1037 2161 1150 2203 quae
1181 2161 1209 2190 a
1240 2146 1391 2203 prima
1424 2145 1616 2202 quadam
1644 2146 1965 2190 conformitate
1996 2146 2291 2203 abhorreant,
2321 2164 2388 2194 sa-

324 2221 568 2284 gacissime
599 2220 939 2283 investigaverit
959 2219 1019 2279 2),
1053 2219 1206 2266 minus
1232 2214 1386 2266 tamen
1418 2237 1521 2266 rem
1553 2220 1607 2266 ad
1639 2221 1775 2266 finem
1806 2220 2080 2280 perduxisse,
2114 2238 2254 2282 quam
2285 2240 2389 2271 eam

325 2315 493 2347 novam
521 2298 846 2346 dubitationem
877 2298 1080 2345 intulisse
1112 2298 1329 2359 putandus
1361 2308 1454 2344 est:
1490 2299 1680 2344 uniusne
1711 2301 1891 2359 poe'tae,
1925 2299 2070 2346 animi
2102 2287 2256 2349 fei-'bre
2287 2318 2386 2363 cap-

323 2376 361 2422 ti
394 2375 697 2436 materiaeque
734 2375 864 2436 copia
894 2375 1122 2437 oppressi,
1180 2392 1238 2421 an
1268 2376 1509 2421 doctorum
1542 2376 1687 2436 potius
1719 2377 1956 2434 virorum,
2014 2377 2064 2422 in
2092 2380 2251 2425 ordine
2282 2396 2387 2441 quo-

324 2453 430 2498 dam
462 2453 677 2517 exigendo
710 2454 881 2499 acriter
911 2462 956 2498 et
986 2454 1118 2498 unice
1149 2463 1473 2514 occupatorum
1507 2455 1593 2510 sit,
1643 2471 1780 2513 quam
1813 2456 1984 2500 seriem
2016 2457 2237 2502 facillime
2268 2459 2388 2501 tueri

323 2535 549 2589 poterant,
577 2548 683 2577 eam
707 2524 960 2586 inserendo,
992 2532 1209 2577 variando
1236 2541 1281 2576 et
1312 2532 1438 2591 quasi
1459 2532 1727 2576 luxuriando
1751 2532 1980 2589 deserere,
2009 2545 2243 2593 exceptam
2274 2551 2385 2579 vero

323 2608 453 2666 paulo
486 2606 760 2665 immutare,
799 2607 942 2668 quid?
987 2609 1251 2669 explendam
1288 2608 1566 2656 auditoribus
1601 2610 1867 2669 relinquere.
1966 2611 2103 2678 Cujus
2133 2610 2201 2656 rei
2231 2610 2280 2656 in
2311 2628 2387 2657 no-

364 2746 407 2786 1)
451 2745 508 2781 De
531 2745 874 2791 interpolationibus
896 2752 1044 2789 Homeri
1065 2753 1210 2789 dissert.
1235 2758 1303 2788 etc.
1325 2752 1463 2798 scripta
1485 2763 1506 2787 a
1523 2752 1617 2787 God.
1639 2752 1850 2786 Hermanno.
1893 2751 2043 2797 Lipsiae
2057 2753 2388 2789 MDcccxxxn.

362 2818 406 2856 2)
451 2818 500 2852 cs·
524 2818 550 2852 l·
574 2829 608 2853 c·
631 2829 711 2865 pag.
730 2823 752 2857 9
773 2833 852 2867 sqq.
882 2826 945 2859 nbi
969 2826 1014 2860 ab
1038 2825 1166 2860 Iliadis
1192 2826 1289 2860 libro
1311 2825 1366 2860 XI
1388 2834 1499 2866 usque
1520 2824 1563 2858 ad
1586 2824 1678 2858 XVI
1700 2823 1842 2865 quantis
1871 2822 2203 2868 intercapedinibus
2225 2825 2390 2868 singulae

448 2874 591 2908 fabulae
616 2876 794 2914 lacem-e
815 2882 890 2916 sibi
913 2882 1005 2927 ipsis
1027 2895 1096 2917 non
1120 2885 1355 2929 respondeant
1378 2882 1594 2927 exponitur,
1629 2889 1668 2916 ut
1689 2883 1862 2916 Machaon
1884 2883 2028 2917 saucius
2052 2883 2215 2926 idemque
2242 2884 2391 2927 integer,

449 2931 617 2968 Achilles
639 2937 720 2971 novi
745 2941 943 2983 eupiditate
969 2944 1140 2987 flagrans,
1171 2954 1192 2977 a
1215 2943 1385 2977 Patroclo
1407 2940 1524 2976 serius
1548 2940 1717 2975 redeunte
1739 2940 1835 2975 nihil
1857 2941 2005 2976 edoctus
2018 2949 2208 2998 oppetat.

1954 3015 1981 3061 1
